3259 5209
612 477 733 540 134
1302 477 1357 532 C.
1400 477 1688 531 SVETON
1691 478 1715 531 1
1751 477 2193 542 TRANQVILLI

599 645 925 724 tempuS,
974 662 1120 724 quo
1168 638 1391 704 uobis
1429 663 1747 725 aequum
1789 643 2046 725 possit
2083 641 2334 704 uideri
2373 641 2548 705 dare
2585 663 2721 706 uos
2761 640 2898 704 ali-

605 769 821 830 quam
870 748 1255 811 senectuti
1304 769 1504 812 meae
1550 749 1906 831 requiem.

491 853 581 920 25
778 851 1135 917 Cunctandi
1185 873 1375 916 causa
1420 859 1557 918 erat
1598 857 1808 918 metus
1843 852 2128 937 undique
2165 855 2642 919 imminentium
2680 855 2899 918 discri-

600 960 873 1044 minum,
912 963 985 1024 ut
1023 981 1213 1043 saepe
1252 959 1511 1044 lupum
1550 982 1624 1024 se
1665 958 1982 1024 auribus
2019 965 2278 1024 tenere
2316 960 2572 1025 diceret.
2643 983 2792 1025 nam
2834 965 2900 1024 et

599 1087 823 1130 seruus
860 1065 1189 1154 Agrippae
1238 1065 1529 1131 Clemens
1573 1068 1836 1132 nomine
1881 1089 2009 1132 non
2059 1066 2588 1132 contemnendam
2635 1090 2901 1132 manum
2957 1092 2988 1132 5

598 1173 663 1236 in
710 1172 1021 1238 ultionem
1075 1173 1321 1237 domini
1366 1178 1772 1257 compararat
1817 1179 1880 1238 et
1922 1173 1992 1238 L.
2033 1173 2408 1238 Scribonius
2443 1173 2609 1238 Libo
2645 1175 2750 1238 uir
2785 1197 2898 1238 no-

602 1279 751 1343 bilis
798 1301 900 1344 res
946 1301 1151 1344 nouas
1197 1279 1362 1344 clam
1411 1279 1802 1344 moliebatur
1845 1283 1909 1344 et
1955 1280 2193 1364 duplex
2239 1281 2469 1344 seditio
2507 1279 2790 1345 militum
2829 1281 2898 1344 in

526 1404 559 1451 2
596 1383 857 1469 Illyrico
906 1391 970 1450 et
1015 1387 1083 1451 in
1140 1385 1483 1450 Germania
1526 1390 1752 1450 exorta
1797 1391 1909 1451 est.
1992 1386 2376 1473 flagitabant
2421 1386 2612 1451 ambo
2659 1390 2898 1452 exerci-

598 1497 703 1556 tus
741 1493 947 1557 multa
982 1497 1165 1557 extra
1204 1493 1510 1577 ordinem,
1548 1497 1698 1557 ante
1740 1493 1957 1558 omnia
1991 1497 2065 1557 ut
2103 1499 2531 1577 aequarentur
2575 1495 2896 1577 stipendio

596 1600 1123 1682 praetoriani<s>.
1238 1598 1711 1665 Germaniciani
1776 1600 2034 1684 quidem
2109 1601 2300 1665 etiam
2374 1601 2727 1685 principem
2794 1601 2896 1664 de-
2929 1627 2986 1664 ιο

595 1706 959 1770 tractabant
1013 1729 1142 1770 non
1198 1728 1236 1770 a
1290 1727 1356 1770 se
1414 1707 1635 1772 datum
1694 1729 2070 1790 summaque
2126 1707 2193 1771 ui
2251 1705 2698 1772 Germanicum
2706 1737 2725 1790 ,·
2782 1709 2894 1791 qui

594 1817 733 1876 tum
783 1813 861 1877 iis
907 1817 1217 1898 praeerat,
1264 1813 1343 1877 ad
1381 1814 1830 1898 capessendam
1871 1836 2004 1878 rem
2042 1837 2101 1898 p.
2140 1812 2478 1900 urgebant,
2525 1836 2894 1898 quanquam

594 1919 932 1984 obfirmate
990 1921 1412 1985 resistentem.
1510 1942 1699 2003 quem
1760 1921 2036 1984 maxime
2093 1942 2306 1984 casum
2364 1921 2624 2006 timenS,
2679 1926 2894 2004 partes

594 2026 723 2089 sibi
770 2049 929 2110 quas
976 2027 1229 2091 senatui
1274 2026 1522 2111 liberet,
1569 2027 1838 2090 tuendas
1876 2027 1942 2090 in
1989 2049 2058 2090 re
2095 2049 2153 2110 p.
2196 2027 2589 2112 depoposcit,
2635 2027 2893 2111 quando

594 2135 932 2197 uniuersae
998 2134 1291 2198 sufficere
1354 2133 1531 2198 solus
1594 2155 1783 2197 nemo
1848 2138 2066 2217 posset
2130 2135 2254 2197 nisi
2317 2155 2462 2198 cum
2527 2134 2731 2198 altero
2787 2134 2894 2199 uel
2925 2157 2982 2196 ιε»

527 2257 558 2305 3
597 2240 790 2304 etiam
840 2262 986 2304 cum
1039 2240 1353 2325 pluribus,
1434 2239 1768 2303 simulauit
1813 2243 1878 2302 et
1923 2240 2372 2325 ualitudinem,
2417 2261 2546 2326 quo
2595 2242 2894 2325 aequiore

600 2348 815 2410 animo
861 2344 1275 2411 Germanicus
1322 2347 1589 2410 celerem
1639 2346 2104 2411 successionem
2149 2347 2254 2411 uel
2301 2351 2474 2412 certe
2518 2348 2890 2412 societatem

598 2454 994 2536 principatus
1060 2453 1478 2537 opperiretur.
1571 2453 1952 2537 compositis
2017 2453 2443 2518 seditionibus
2499 2453 2888 2519 Clementem

593 2581 851 2644 quoque
914 2560 1136 2623 fraude
1202 2561 1537 2645 deceptum
1604 2559 1854 2645 redegit
1915 2559 1982 2622 in
2056 2564 2458 2643 potestatem.
2558 2560 2892 2644 Libonem,

593 2688 673 2730 ne
721 2666 878 2750 quid
925 2666 990 2729 in
1037 2666 1327 2730 nouitate
1374 2665 1664 2729 acerbius
1719 2665 1928 2750 fieret,
1982 2665 2258 2730 secundo
2306 2666 2564 2730 demum
2609 2687 2776 2730 anno
2825 2667 2888 2730 in
2922 2691 2978 2730 so

595 2777 823 2837 senatu
877 2773 1199 2859 coarguit,
1254 2773 1466 2837 medio
1523 2772 1834 2856 temporis
1890 2772 2099 2856 spatio
2156 2776 2410 2836 tantum
2466 2794 2691 2837 cauere
2747 2794 2892 2837 con-

596 2884 839 2964 tentus3
884 2903 1033 2944 nam
1082 2884 1146 2943 et
1192 2879 1361 2943 inter
1395 2878 1734 2962 pontifices
1772 2879 2154 2942 sacrificanti
2194 2878 2386 2943 simul
2425 2901 2544 2963 pro
2582 2881 2892 2964 secespita

597 2985 973 3071 plumbeum
1032 2986 1311 3050 cultrum
1370 2985 1810 3048 subiciendum
1867 2985 2118 3048 curauit
2175 2991 2239 3048 et
2283 2990 2598 3050 secretum
2645 2987 2888 3071 petenti

602 3115 730 3157 non
780 3093 899 3158 nisi
950 3093 1241 3157 adhibito
1282 3091 1495 3156 Druso
1542 3091 1679 3155 filio
1729 3091 1902 3154 dedit
1951 3092 2367 3175 dextramque
2413 3093 2890 3158 obambulantis

600 3200 806 3264 ueluti
853 3199 1245 3284 incumbenS,
1293 3198 1506 3282 quoad
1550 3201 1966 3284 perageretur
2011 3220 2240 3284 serm0,
2287 3199 2622 3264 continuit.
2919 3225 2972 3264 25

510 3305 601 3371 26
780 3305 1023 3370 Verum
1071 3305 1379 3370 liberatus
1426 3309 1603 3368 metu
1658 3304 1915 3369 ciuilem
1970 3305 2314 3370 admodum
2372 3306 2541 3370 inter
2585 3307 2772 3370 initia
2817 3329 2890 3370 ac

598 3413 793 3496 paulo
851 3413 1063 3476 minus
1120 3435 1311 3495 quam
1367 3411 1696 3496 priuatum
1755 3412 1905 3498 egit.
1997 3434 2074 3475 ex
2120 3413 2418 3496 plurimis
2463 3414 2888 3498 maximisque

593 3518 949 3582 honoribus
1006 3523 1259 3602 praeter
1315 3539 1552 3602 paucos
1609 3522 1674 3581 et
1730 3518 2015 3581 modicos
2070 3541 2199 3582 non
2262 3519 2517 3603 recepit.
2608 3519 2888 3584 natalem

595 3647 782 3688 suum
848 3625 1093 3708 plebeis
1158 3626 1589 3689 incurrentem
1657 3623 2044 3688 circensibus
2109 3625 2222 3688 uix
2285 3627 2476 3690 unius
2539 3625 2729 3714 bigae
2785 3627 2888 3690 ad-

594 3731 868 3795 iectione
914 3732 1218 3796 honorari
1266 3754 1491 3816 passus
1530 3737 1644 3795 est.
1729 3731 1988 3814 templa,
2035 3731 2344 3815 flamines,
2390 3734 2750 3798 sacerdotes
2788 3734 2888 3797 dc·
2917 3759 2972 3799 ω
3003 3749 3020 3762 ·

741 3976 766 4021 1
809 3969 961 4036 quod
994 3971 1043 4024 G
1191 3975 1221 4024 3
1262 3973 1422 4023 erant
1454 3971 1521 4023 M
1532 3969 1547 3998 ¹
1695 3973 1725 4018 6
1765 3972 2053 4036 comparat
2091 3969 2237 4030 MG‚
2285 3973 2536 4024 -rauerat
2570 3973 2618 4025 T
2759 3977 2790 4024 8
2827 3971 2888 4024 in

588 4065 693 4104 om.
728 4049 779 4103 G
946 4055 1008 4102 10
1047 4050 1435 4119 praetorianis.
1494 4045 1911 4102 Germaniciani
1949 4047 2176 4114 quidem
2215 4051 2522 4118 Stephanus
2559 4050 2888 4120 (praetoria-

592 4129 679 4182 nis
718 4149 743 4184 e
771 4131 885 4184 cod.
926 4131 1257 4184 Torovacensi
1285 4131 1447 4196 affert
1478 4129 1807 4191 Glareanus,
1837 4127 2062 4193 quidem
2095 4137 2372 4198 tamquam
2399 4149 2466 4185 ex
2491 4133 2670 4186 eodem
2697 4133 2887 4198 Torva),

591 4209 937 4278 praetoriani
974 4209 1381 4280 germaniciani
1411 4209 1602 4278 (-tiani
1626 4208 1698 4274 G)
1729 4207 1959 4274 quidam
1984 4211 2108 4264 ΜΗ
2126 4212 2238 4277 VL,
2288 4211 2633 4280 praetoriani
2669 4229 2884 4281 germa-

590 4289 831 4343 nicianis
870 4291 1088 4358 (-tianis
1119 4292 1185 4356 P,
1225 4309 1249 4343 s
1287 4291 1414 4356 fort.
1444 4291 1571 4344 add.
1604 4307 1671 4342 m.
1700 4294 1773 4362 2).
1815 4293 2052 4358 Quidam
2090 4291 2298 4352 ΤῬΟ,
2345 4292 2716 4360 praetorianis
2754 4291 2887 4345 Ger-

592 4369 913 4424 maniciani.
946 4369 1187 4434 Quidam
1208 4373 1284 4425 ed.
1311 4372 1437 4425 Αἶά.
1465 4378 1606 4425 1516
1705 4374 2101 4428 detractabant
2123 4375 2196 4426 M
2203 4374 2260 4437 T,
2281 4371 2520 4426 detrect·
2539 4374 2631 4427 rel.
2731 4379 2795 4426 12
2827 4377 2886 4426 re

590 4453 644 4518 13.
676 4449 954 4518 urgebant
974 4465 1031 4519 (p
1056 4453 1113 4504 ἱη
1132 4455 1261 4520 ras.)
1287 4453 1372 4516 M,
1401 4469 1519 4505 rem
1538 4455 1860 4522 purgabant
1884 4455 1952 4519 G,
1969 4470 2086 4506 rem
2114 4451 2434 4522 purgabant
2465 4451 2593 4507 V'T'
2702 4459 2765 4507 15
2795 4453 2886 4507 uel

590 4547 691 4582 om.
710 4531 761 4583 G
856 4537 919 4583 16
942 4531 1323 4600 compluribus
1342 4535 1401 4585 Π
1486 4539 1553 4586 22
1574 4533 1682 4586 sibi
1703 4534 1761 4587 ul
1783 4535 1832 4588 G
1925 4534 2200 4604 secespita
2225 4535 2308 4595 M,
2339 4533 2599 4602 secespiti
2623 4533 2720 4601 (-ci
2743 4535 2814 4600 T)
2837 4537 2892 4587 X

594 4615 661 4662 26
692 4613 757 4663 ut
790 4617 911 4678 post
949 4617 1102 4664 metu
1141 4613 1269 4666 add.
1304 4615 1355 4667 V
1492 4619 1559 4666 28
1598 4632 1708 4667 uon
1741 4613 2004 4684 (ullum)
2029 4615 2201 4667 Polak
2345 4619 2412 4665 29
2452 4613 2662 4667 adiecit
2701 4615 2752 4666 V
