3259 5209
610 395 695 458 20
1302 396 1357 450 C.
1399 394 1716 449 SVETONI
1753 395 2200 460 TRANQVILLI

606 596 793 639 curru
852 597 1156 640 excussus
1213 580 1311 640 est
1376 599 1490 641 axe
1548 576 1840 641 diffracto
1907 576 2319 660 ascenditque
2379 575 2768 661 Capitolium
2830 578 2915 642 ad

605 682 849 746 lumina
879 682 1304 767 quadraginta
1342 682 1698 767 elephantis
1738 684 1960 748 dextra
1997 683 2384 767 sinistraque
2421 682 2912 767 lychnuc<h>os

606 788 1022 873 gestantibus,
1127 788 1397 854 Pontico
1454 789 1787 873 triumpho
1853 790 2022 853 inter
2083 812 2355 874 pompae
2411 789 2656 855 fercula
2707 790 2910 854 trium

604 894 951 959 uerborum
1023 895 1328 978 praetulit
1396 896 1660 960 titulum
1730 914 2289 960 VBM-VIDI·VICI
2350 918 2482 961 non
2547 902 2688 959 acta
2752 897 2912 961 belli

606 1001 1071 1087 significantem
1153 1004 1320 1066 sicut
1402 1004 1625 1066 ceteris
1648 1053 1665 1085 ,
1749 1003 1857 1067 sed
1933 1003 2225 1067 celeriter
2311 1004 2586 1067 confecti
2667 1007 2907 1067 notam.

499 1102 591 1169 38
610 1109 929 1171 ueteranis
974 1108 1339 1192 legionibus
1387 1109 1658 1192 praedae
1697 1111 1957 1174 nomine
1997 1111 2064 1173 in
2102 1110 2348 1192 pedites
2388 1110 2676 1195 singulos
2715 1131 2912 1193 super

605 1214 756 1277 bina
812 1215 1128 1299 sestertia,
1185 1237 1347 1298 quae
1401 1215 1589 1280 initio
1648 1215 1861 1279 ciuilis
1917 1216 2235 1279 tumultus
2290 1220 2760 1299 numerauerat‚
2814 1218 2907 1279 ui-

606 1342 759 1384 cena
807 1324 1116 1403 quaterna
1163 1321 1343 1386 milia
1388 1345 1725 1386 nummum
1775 1322 1967 1386 dedit.
2043 1322 2411 1407 adsignauit
2448 1328 2513 1387 et
2549 1344 2758 1407 agros,
2797 1323 2910 1386 sed

602 1450 731 1491 non
800 1428 1172 1512 continuos,
1244 1451 1327 1492 ne
1393 1430 1537 1512 quis
1612 1450 2056 1512 possessorum
2123 1428 2560 1512 expelleretur.
2662 1430 2905 1512 populo

604 1540 855 1617 praeter
914 1534 1221 1599 frumenti
1284 1535 1479 1599 denos
1553 1536 1805 1599 modios
1867 1558 1938 1599 ac
2009 1536 2278 1599 totidem
2341 1535 2467 1600 olei
2525 1536 2722 1599 libras
2783 1540 2906 1599 tre·
2943 1557 3002 1595 10

604 1662 793 1704 cenos
843 1663 1099 1724 quoque
1144 1664 1474 1723 nummOS,
1522 1662 1683 1725 quos
1729 1639 2059 1725 pollicitus
2107 1642 2264 1707 olim
2313 1641 2769 1724 eratsuiritim
2818 1640 2908 1704 dj-

540 1760 570 1806 2
612 1749 767 1811 uisit
814 1751 879 1811 et
924 1748 1046 1811 hoc
1094 1746 1369 1831 amplius
1419 1753 1720 1811 centenos
1777 1770 1895 1831 pro
1944 1770 2141 1813 mora.
2233 1771 2508 1811 annuam
2557 1748 2753 1811 etiam
2799 1748 2907 1811 ha-

609 1854 989 1918 bitationem
1022 1853 1264 1918 Romae
1302 1876 1503 1937 usque
1543 1854 1623 1917 ad
1659 1853 1811 1917 bina
1851 1854 2029 1917 milia
2066 1877 2419 1937 nummum,
2457 1854 2526 1918 in
2552 1838 2740 1918 Italia
2774 1876 2908 1918 non

612 1961 780 2024 ultra
836 1960 1195 2045 quingenos
1254 1960 1583 2024 sestertios
1640 1960 1903 2025 remisit.
1990 1961 2222 2024 adiecit
2270 1962 2531 2044 epulum
2590 1982 2662 2023 ac
2707 1960 2907 2024 uisce-

612 2068 926 2130 rationem
983 2072 1047 2130 et
1101 2072 1249 2150 post
1294 2066 1788 2150 Hispaniensem
1836 2067 2176 2131 uictoriam
2234 2067 2360 2131 duo
2408 2067 2701 2150 prandia3
2756 2089 2906 2131 nam
2941 2088 2997 2128 ιε

566 2194 757 2261 ‘cum
819 2174 996 2256 prius
1058 2194 1247 2256 parce
1306 2196 1513 2257 neque
1574 2195 1692 2257 pro
1761 2173 2148 2238 liberalitate
2209 2196 2323 2237 sua
2392 2174 2753 2257 praebitum
2813 2174 2906 2236 iu-

498 2271 591 2337 39
612 2279 877 2361 dicaret,
940 2280 1167 2362 quinto
1228 2285 1377 2362 post
1440 2280 1539 2343 die
1597 2280 1769 2344 aliud
1817 2279 2253 2364 largissimum
2301 2280 2613 2364 praebuit.
2707 2278 2908 2343 edidit

604 2387 967 2469 spectacula
1032 2385 1193 2449 uarii
1256 2388 1530 2471 generis:
1598 2409 1832 2450 munus
1899 2385 2386 2471 gladiatorium,
2457 2385 2644 2449 ludos
2711 2387 2905 2449 etiam

604 2492 989 2576 regionatim
1029 2491 1187 2555 urbe
1225 2496 1362 2555 tota
1400 2497 1462 2556 et
1503 2492 1760 2575 quidem
1801 2515 1916 2576 per
1955 2494 2241 2557 omnium
2284 2493 2651 2577 linguarum
2689 2492 2904 2555 histri-

606 2620 785 2679 ones,
846 2598 999 2662 item
1059 2598 1369 2663 circenses
1428 2598 1703 2663 athletas
1757 2599 2221 2663 naumachiam.
2316 2621 2579 2663 munere
2637 2599 2706 2663 in
2760 2599 2906 2663 foro
2935 2620 2996 2660 so

606 2704 1003 2790 depugnauit
1056 2704 1287 2768 Furius
1344 2705 1660 2788 Leptinus
1723 2706 1920 2789 stirpe
1976 2707 2300 2789 praetoria
2356 2710 2419 2769 et
2476 2704 2546 2781 Q.
2589 2703 2907 2788 Calpenus

605 2816 861 2876 senator
907 2813 1227 2894 quondam
1285 2816 1589 2896 actorque
1648 2834 1998 2876 causarum.
2091 2812 2460 2896 pyrricham
2509 2811 2908 2876 saltauerunt

538 2928 567 2974 2
608 2917 801 2982 Asiae
837 2918 1307 3003 Bithyniaeque
1346 2919 1712 3002 principum
1760 2918 1965 2983 liberi.
2048 2920 2216 2983 ludis
2256 2919 2558 2983 Decimus
2597 2919 2906 2983 Laberius

607 3047 798 3108 eques
844 3025 1172 3089 Romanus
1220 3024 1487 3088 mimum
1539 3047 1723 3088 suum
1774 3025 1909 3110 egit
1955 3025 2356 3107 donatusque
2395 3026 2765 3111 quingentis
2813 3047 2906 3089 se-

606 3132 844 3195 stertiis
902 3137 965 3194 et
1022 3132 1214 3194 anulo
1273 3154 1462 3195 aureo
1522 3154 1768 3195 sessum
1826 3132 1890 3194 in
1950 3132 2462 3214 quattuordecim
2509 3132 2630 3214 (e)
2677 3152 2909 3195 scaena
2935 3148 2992 3189 25

604 3258 719 3321 per
775 3238 1166 3301 orchestram
1222 3237 1494 3301 transiit.
1589 3237 1980 3301 circensibus
2038 3238 2246 3321 spatio
2305 3238 2458 3302 circi
2504 3237 2584 3300 ab
2633 3240 2906 3320 utraque

605 3349 785 3427 parte
831 3344 1148 3427 producto
1197 3347 1261 3407 et
1306 3344 1373 3407 in
1417 3366 1649 3427 gyrum
1691 3345 1911 3428 euripo
1953 3344 2169 3409 addito
2212 3344 2555 3429 quadrigas
2591 3343 2905 3427 bigasque

606 3456 669 3513 et
714 3472 912 3534 equos
959 3449 1343 3514 desultorios
1392 3452 1801 3535 agitauerunt
1845 3449 2233 3515 nobilissimi
2282 3451 2563 3514 iuuenes.
2641 3448 2904 3513 Troiam

536 3565 567 3613 3
606 3557 763 3620 lusit
816 3560 1028 3619 turma
1085 3556 1321 3640 duplex
1381 3557 1694 3621 maiorum
1761 3558 2212 3639 minorumque
2267 3578 2632 3641 puerorum.
2715 3578 2904 3620 uena·

605 3662 813 3727 tiones
868 3662 1072 3726 editae
1126 3685 1243 3747 per
1289 3663 1423 3727 dies
1471 3664 1755 3746 quinque
1803 3685 1875 3727 ac
1923 3665 2274 3727 nouissime
2320 3684 2541 3750 pugna
2586 3662 2792 3726 diuisa
2837 3663 2906 3725 in
2933 3680 2990 3723 ω

748 3869 778 3915 2
816 3862 1016 3916 limina
1056 3864 1126 3916 M
1132 3864 1152 3895 ²
1304 3883 1373 3915 XL
1414 3864 1535 3917 GX
1683 3864 1879 3917 dextra
1917 3864 2257 3931 sinistraque
2301 3864 2423 3930 Ge,
2477 3864 2784 3932 dextraque
2831 3862 2904 3917 si-

604 3942 783 3996 nistra
821 3946 899 4009 (et
935 3961 976 3997 s.
1024 3945 1094 4011 T)
1137 3944 1209 3996 M
1216 3948 1273 3996 X
1276 3944 1312 4009 ',
1360 3944 1670 4010 dextraque
1709 3942 2050 4013 sinistraque
2093 3943 2181 4010 0²,
2227 3944 2426 3997 dextra
2466 3948 2636 4010 atque
2673 3942 2902 3997 sinistra

614 4026 703 4078 To
738 4024 899 4092 (edd.)
1052 4022 1285 4090 lychnos
1325 4040 1357 4082 ς
1521 4032 1551 4075 3
1592 4023 1829 4077 fericula
1865 4027 1913 4077 Y
2064 4030 2094 4075 5
2133 4024 2305 4077 ceteri
2335 4041 2368 4083 ς
2527 4028 2555 4075 7
2593 4023 2652 4076 in
2683 4022 2902 4091 equites

605 4109 732 4157 ante
776 4103 978 4157 uicena
1024 4104 1152 4157 add.
1200 4103 1358 4157 T‘P2
1404 4104 1553 4169 (inde
1592 4103 1818 4171 uicena,
1864 4104 1923 4156 in
1970 4104 2187 4170 equites
2235 4103 2601 4172 quadragena
2641 4103 2905 4172 Casaub.)

604 4188 636 4237 8
666 4185 942 4250 quaterna
962 4184 1185 4251 (quater
1208 4183 1297 4249 0¹,
1326 4200 1426 4237 om.
1446 4182 1539 4253 ςὲ)
1567 4184 1667 4237 del.
1700 4184 1833 4237 LF.
1851 4184 2086 4238 Gronov.
2236 4188 2302 4235 14
2325 4184 2414 4253 ac]
2438 4183 2512 4235 ad
2534 4186 2584 4235 Τ
2725 4187 2791 4236 18
2811 4199 2901 4236 ex-

606 4262 927 4333 spectacula
950 4266 1023 4318 M
1048 4264 1197 4331 (i-ncle
1225 4265 1282 4317 et
1320 4281 1399 4332 sp.
1433 4266 1481 4317 I.
1507 4263 1766 4333 Gronov.)
1904 4268 1969 4315 21
2005 4262 2271 4326 Φόλουιος
2299 4267 2544 4324 Σεπῖνος
2571 4264 2690 4317 Dio
2717 4266 2806 4329 43,
2827 4266 2906 4319 23

606 4367 671 4414 23
710 4360 1053 4429 principium
1086 4361 1157 4413 M
1318 4366 1386 4413 ‘24
1425 4376 1594 4427 eques
1633 4360 1917 4413 Roma-nus
1959 4340 2103 4429 <-ngs
2135 4362 2228 4431 M)
2277 4362 2378 4417 del.
2419 4362 2683 4428 Kraffert
2817 4363 2906 4414 est

596 4447 723 4509 post
741 4441 1093 4508 donatusque
1115 4441 1242 4495 add.
1262 4441 1364 4493 ‘PT
1495 4446 1559 4492 25
1583 4440 1619 4511 <
1628 4439 1702 4512 e>
1731 4442 2016 4494 Turnebus
2151 4446 2218 4493 ‘26
2249 4456 2350 4509 per
2371 4440 2714 4494 orchestram
2735 4456 2834 4494 om.
2853 4441 2905 4496 G

606 4526 670 4572 29
710 4520 1099 4590 minorumque
1139 4519 1359 4575 GT'P'
1375 4519 1464 4587 0¹,
1502 4520 1782 4573 minorum
1809 4522 1902 4575 rel.
2049 4537 2286 4589 puerum
2317 4522 2388 4574 M
