3259 5209
1088 1675 1171 1760 c,
1239 1673 1676 1761 SVEToNI
1744 1635 2379 1778 TRANQVILLI

912 1846 1003 1943 D
1044 1846 1125 1944 E
1198 1847 1593 1945 VITA
1676 1847 1962 1946 OAE
2010 1844 2563 1960 SARVM

1564 2056 1781 2109 LIBER
1817 2056 1918 2109 1111

1362 2202 1450 2284 O.
1502 2200 2115 2284 CALIGVLA

522 2415 560 2481 l
773 2410 1216 2496 Germanicus,
1273 2413 1339 2477 C.
1381 2412 1665 2477 Caesaris
1723 2419 1933 2497 pater,
1990 2412 2186 2477 Drusi
2243 2415 2308 2476 et
2361 2410 2629 2474 minoris
2685 2409 2889 2473 Anto-

589 2518 735 2582 niae
780 2518 973 2602 filius,
1021 2541 1058 2583 a
1095 2517 1353 2584 Tiberio
1402 2526 1631 2604 patruo
1678 2520 2038 2603 adoptatus,
2090 2522 2496 2602 quaesturam
2536 2517 2890 2600 quinquen·

573 2624 701 2713 ‘nio
750 2630 897 2691 ante
945 2648 1136 2708 quam
1183 2649 1299 2713 per
1343 2626 1516 2711 leges
1563 2627 1788 2690 liceret
1833 2632 1897 2690 et
1944 2629 2094 2710 post
2135 2647 2273 2689 eam
2315 2622 2718 2689 consulatum
2768 2626 2890 2686 sta-

592 2732 709 2796 tim
742 2721 993 2816 gessit,
1048 2734 1406 2816 missusque
1463 2734 1544 2795 ad
1599 2733 1950 2797 exercitum
2010 2734 2075 2797 in
2130 2730 2565 2812 Germaniam,
2627 2751 2890 2793 excessu

574 2837 875 2925 -Augusti
931 2839 1256 2922 nuntiato,
1319 2839 1605 2924 legiones
1663 2839 1993 2904 uniuersas
2055 2840 2500 2922 imperatorem
2560 2835 2889 2900 Tiberium
2955 2859 2989 2896 r>

594 2946 1099 3030 pertinacissime
1145 2947 1497 3010 recusantis
1545 2950 1609 3009 et
1655 2946 1779 3010 sibi
1827 2968 2140 3011 summam
2178 2945 2270 3009 rei
2318 2967 2378 3027 p.
2418 2943 2760 3008 deferentis
2797 2944 2891 3007 in-

592 3058 837 3117 certum
883 3054 1121 3136 pietate
1179 3077 1261 3117 an
1315 3044 1675 3117 constantia
1721 3054 1959 3118 maiore
2016 3052 2413 3136 compescuit
2467 3055 2659 3134 atque
2704 3048 2892 3114 hoste

521 3180 554 3228 2
595 3183 746 3224 mox
805 3160 1062 3225 deuicto
1118 3160 1560 3244 triumphauit.
1656 3159 1878 3224 consul
1935 3159 2161 3223 deinde
2218 3158 2454 3221 iterum
2511 3161 2760 3221 creatus
2817 3179 2894 3222 ac

590 3267 771 3350 prius
820 3288 1013 3350 quam
1053 3267 1368 3331 honorem
1415 3267 1607 3331 iniret
1654 3266 1732 3329 ad
1774 3264 2283 3349 componendum
2323 3263 2604 3328 Orientis
2651 3268 2890 3328 statum

594 3374 899 3456 expulsus
911 3372 1138 3456 ‚scum
1186 3372 1525 3438 Armeniae
1580 3395 1795 3456 regem
1854 3373 2221 3455 deuicisset,
2287 3370 2755 3455 Cappadociam
2825 3371 2889 3433 in
2927 3391 2992 3430 ιο

594 3471 965 3563 prouinciae
1021 3480 1289 3544 sormam
1346 3479 1725 3565 redegisset,
1781 3502 2016 3552 annum
2068 3500 2264 3564 agens
2311 3477 2541 3542 aetatis
2589 3481 2890 3559 quartum

594 3591 658 3649 et
724 3587 1156 3650 tricensimum
1223 3587 1526 3650 diuturno
1596 3587 1822 3651 morbo
1889 3585 2276 3673 Antiochiae
2343 3583 2508 3649 obiit
2561 3605 2691 3647 non
2755 3584 2891 3648 sine

592 3694 823 3756 ueneni
890 3694 1273 3777 suspicione.
1352 3715 1501 3758 nam
1577 3699 1828 3776 praeter
1894 3693 2162 3774 liuores,
2239 3691 2351 3775 qui
2415 3694 2555 3754 toto
2621 3712 2892 3774 corpore

594 3805 792 3881 erant,
840 3805 902 3863 et
958 3822 1243 3884 spumam,
1300 3822 1461 3883 quae
1508 3822 1622 3883 per
1672 3822 1742 3863 os
1790 3798 2103 3888 fluebant,
2163 3798 2427 3862 cremati
2475 3819 2734 3880 quoque
2781 3819 2893 3860 cor

594 3905 764 3968 inter
822 3928 964 3969 ossa
1020 3905 1461 3991 inconuptum
1510 3910 1832 3988 repertum
1884 3910 2004 3969 est:
2056 3906 2235 3970 cuius
2282 3928 2356 3969 ea
2402 3910 2631 3968 natura
2674 3904 2891 3968 existi·
2922 3923 2989 3962 ιε,

589 4030 812 4040 ῳ-ι-
851 4034 950 4038 -.μ

739 4100 806 4165 cf.
841 4100 1067 4166 Lampr.
1103 4099 1462 4166 Comm.1()‚2
1501 4099 1595 4166 qui
1627 4098 1944 4166 Tranquilli
1984 4098 2191 4151 librum
2220 4097 2402 4150 uitam
2432 4095 2725 4165 Caligulae
2763 4113 2890 4149 con-

594 4182 870 4234 tinentem
907 4179 1140 4246 legerat.
1289 4186 1316 4231 l
1358 4179 1578 4246 Eutrop
1629 4180 1749 4232 VII
1778 4184 1866 4244 12,
1890 4184 1919 4232 1

743 4366 768 4410 1
811 4357 865 4411 C.
909 4358 1024 4426 (gai
1053 4358 1132 4422 H,
1172 4356 1289 4426 gaii
1321 4357 1445 4425 PR)
1476 4374 1575 4410 om.
1602 4358 1651 4409 G
1801 4362 1865 4409 10
1905 4356 2193 4426 expulsus]
2235 4373 2300 4409 ex
2339 4374 2380 4410 s.
2412 4373 2456 4408 c.
2487 4355 2691 4425 missus
2722 4355 2896 4409 Bent-

596 4440 682 4508 ley
827 4437 1121 4491 deiecisset
1157 4439 1248 4492 uel
1283 4436 1532 4490 dedisset
1561 4438 1792 4503 Lipsius
1830 4438 1945 4504 (hoc
1976 4438 2270 4505 probatum
2299 4437 2611 4505 plerisque),
2650 4435 2892 4504 delegis-

596 4522 680 4571 set
716 4519 989 4573 O.CI(1.son
1130 4523 1195 4570 14
1235 4519 1416 4587 erant]
1450 4517 1755 4570 extiterant
1788 4517 2073 4581 Graevius,
2114 4516 2390 4585 parebant
2420 4516 2704 4581 Heinsius,
2744 4533 2896 4569 com-

594 4604 897 4667 paruerant
932 4599 1068 4650 (lud.
