3259 5209
627 458 755 522 120
1318 459 1377 514 C.
1416 459 1732 515 SVETONI
1768 460 2217 526 TRANQVILLI

622 621 849 686 Matris
897 622 1085 686 deum
1133 620 1359 687 Idaeae
1399 623 1853 689 obhaerentem
1894 623 2198 689 Tiberino
2236 624 2404 688 uado
2444 625 2738 708 extraxit,
2785 647 2926 708 pre-

623 733 765 794 cata
809 731 1162 813 propalam,
1209 735 1285 793 ut
1331 730 1443 794 ita
1490 730 1785 794 demum
1832 751 1910 794 se
1958 735 2439 814 sequeretur,
2485 733 2547 794 si
2595 731 2746 795 sibi
2792 754 2924 814 pu-

622 835 896 899 dicitia
951 840 1375 922 constaret,
1432 841 1497 900 et
1542 859 1706 920 quae
1761 858 1934 902 nouo
1990 860 2168 902 more
2212 837 2516 902 iudicium
2567 837 2924 902 maiestatis

622 943 793 1026 apud
824 942 1139 1027 populum
1170 943 1403 1007 mulier
1432 944 1650 1028 subiit,
1680 945 1854 1028 quod
1881 945 1950 1008 in
1978 944 2266 1009 conferta
2294 944 2708 1009 multitudine
2735 966 2926 1030 aegre

623 1049 1007 1132 procedente
1062 1055 1367 1133 carpento
1413 1053 1626 1135 palam
1676 1055 2041 1136 optauerat,
2100 1056 2175 1116 ut
2227 1051 2473 1116 frater
2518 1074 2702 1116 suus
2747 1051 2923 1116 Pul·
2987 1079 3016 1118 s

622 1155 801 1220 cher
835 1157 1351 1221 reuiuisceret
1388 1162 1617 1240 atque
1656 1159 1931 1223 iterum
1963 1157 2286 1223 classem
2316 1159 2746 1241 amitteret,
2775 1182 2924 1242 quo

552 1280 585 1327 4
623 1262 873 1327 minor
899 1263 1126 1328 turba
1154 1263 1432 1328 Romae
1462 1265 1682 1329 foret.
1738 1271 2066 1348 praeterea
2094 1266 2572 1330 notatissimum
2602 1271 2719 1349 est,
2739 1265 2926 1330 Clau-

622 1370 761 1434 dios
800 1371 1039 1450 omniS,
1079 1377 1346 1455 excepto
1387 1371 1539 1435 dum
1577 1375 1759 1435 taxat
1793 1371 1863 1436 P.
1897 1371 2150 1454 Clodio,
2190 1373 2302 1457 qui
2349 1371 2434 1436 ob
2473 1372 2922 1457 expellendum

548 1553 553 1558 ⁸
620 1476 779 1540 urbe
826 1475 1201 1542 Ciceronem
1258 1477 1511 1561 plebeio
1566 1477 1818 1543 homini
1874 1484 2068 1562 atque
2123 1480 2318 1543 etiam
2366 1483 2526 1544 natu
2571 1479 2808 1544 minori
2859 1481 2925 1543 in

622 1584 1033 1669 adoptionem
1100 1607 1168 1648 ue
1233 1584 1434 1667 dedit,
1500 1586 1844 1668 optimates
1901 1585 2388 1670 adsertoresque
2443 1586 2670 1651 unicos
2717 1586 2925 1674 digni·
2953 1613 3012 1652 ιο

621 1692 777 1754 tatis
835 1711 907 1754 ac
961 1691 1291 1776 potentiae
1346 1691 1765 1776 patriciorum
1824 1714 2072 1775 semper
2127 1692 2326 1758 fuisse
2376 1697 2570 1776 atque
2617 1693 2924 1759 aduersus

619 1797 874 1881 plebem
932 1797 1089 1863 adeo
1146 1798 1470 1862 uiolentos
1527 1802 1593 1861 et
1640 1803 2074 1883 contumaceS,
2129 1804 2204 1863 ut
2248 1821 2329 1864 ne
2385 1800 2616 1884 capitis
2665 1801 2924 1884 quidem

622 1904 965 1988 quisquam
1020 1927 1167 1969 reus
1224 1905 1395 1989 apud
1449 1905 1764 1989 populum
1823 1909 2072 1970 mutare
2126 1911 2374 1970 uestem
2431 1911 2544 1970 aut
2598 1907 2924 1991 deprecari

623 2011 1029 2095 sustinuerit3
1087 2013 1386 2076 nonnulli
1442 2013 1509 2075 in
1566 2013 1982 2077 altercatione
2029 2017 2093 2078 et
2148 2014 2360 2098 iurgio
2409 2013 2703 2079 tribunos
2749 2016 2922 2098 plebi

620 2118 1037 2201 pulsauerint.
1153 2118 1347 2182 etiam
1421 2119 1615 2205 uirgo
1681 2117 1964 2183 Vestalis
2038 2120 2299 2184 fratrem
2375 2121 2624 2186 iniussu
2696 2122 2922 2206 populi
2951 2143 3008 2184 ιε

622 2223 1127 2306 triumphantem
1212 2245 1474 2288 ascenso
1560 2225 1754 2289 simul
1837 2247 2031 2290 curru
2101 2247 2306 2309 usque
2388 2226 2458 2290 in
2531 2224 2922 2310 Capitolium

623 2337 960 2413 prosecuta
1016 2336 1141 2414 est,
1194 2352 1275 2396 ne
1331 2336 1549 2395 uetare
1607 2336 1720 2395 aut
1775 2332 2165 2398 intercedere
2220 2332 2317 2396 fas
2375 2334 2676 2418 cuiquam
2723 2335 2924 2399 tribu-

623 2457 852 2500 norum
904 2442 1087 2501 esset.

546 2541 589 2606 3
804 2543 900 2606 Ex
948 2544 1069 2608 hac
1115 2546 1313 2629 stirpe
1359 2544 1656 2609 Tiberius
1697 2544 1928 2609 Caesar
1973 2567 2176 2630 genus
2223 2546 2424 2612 trahit
2469 2549 2617 2630 e<t>
2665 2548 2922 2631 quidem

623 2653 997 2734 utrumque:
1052 2655 1391 2736 paternum
1438 2674 1476 2715 a
1523 2651 1784 2716 Tiberio
1829 2652 2115 2737 Nerone,
2167 2658 2525 2719 maternum
2575 2655 2658 2720 ab
2704 2656 2922 2739 Appio
2953 2677 3009 2717 ιο

618 2757 933 2840 Pulchro,
990 2759 1101 2841 qui
1158 2757 1349 2822 ambo
1397 2757 1572 2842 Appi
1623 2756 1806 2822 Caeci
1863 2758 1986 2823 filii
2031 2759 2306 2824 fuerunt.
2391 2763 2670 2826 insertus
2716 2767 2816 2826 est
2859 2769 2926 2826 et

624 2865 957 2930 Liuiorum
1015 2865 1299 2929 familiae
1356 2866 1664 2949 adoptato
1722 2867 1786 2929 in
1846 2889 1986 2930 eam
2043 2872 2332 2931 materno
2389 2891 2528 2932 auo.
2625 2891 2786 2953 quae
2830 2869 2924 2932 fa-

624 2973 830 3054 milia,
894 2994 1261 3056 quanquam
1328 2970 1611 3055 plebeia,
1677 2976 1896 3036 tamen
1959 2978 2022 3036 et
2085 2975 2228 3056 ipsa
2293 2973 2637 3040 admodum
2703 2975 2926 3040 floruit

625 3085 771 3144 octo
812 3078 1270 3162 consulatibuS,
1317 3080 1599 3142 censuris
1639 3079 1913 3161 duabuS,
1960 3080 2308 3164 triumphis
2346 3082 2572 3164 tribus,
2609 3082 2925 3146 dictatura

626 3187 820 3249 etiam
882 3206 956 3249 ac
1014 3186 1386 3270 magisterio
1449 3185 1738 3266 equitum
1803 3185 2142 3270 honorata3
2209 3188 2377 3251 clara
2437 3193 2502 3253 et
2561 3188 2923 3276 insignibus
2951 3209 3005 3250 π

550 3303 586 3352 2
628 3295 783 3356 uiris
840 3315 913 3357 ac
970 3293 1247 3382 maxime
1316 3291 1675 3356 Salinatore
1739 3292 2111 3377 Drusisque.
2206 3294 2528 3359 Salinator
2589 3296 2922 3360 uniuersas

625 3399 831 3463 tribus
880 3399 948 3463 in
995 3419 1261 3462 censura
1307 3399 1563 3462 notauit
1600 3397 1886 3463 leuitatis
1924 3401 2200 3484 nomine,
2248 3401 2438 3485 quod,
2485 3424 2632 3466 cum
2671 3426 2738 3467 se
2773 3407 2924 3487 post

624 3507 904 3590 priorem
954 3506 1357 3569 consulatum
1406 3504 1613 3567 multa
1659 3505 1954 3590 inrogata
2001 3505 2547 3590 condemnassent,
2595 3509 2922 3572 consulem

627 3613 859 3676 iterum
918 3633 1371 3695 censoremque
1426 3611 1745 3675 fecissent.
1833 3610 2077 3676 Drusus
2133 3612 2418 3678 hostium
2466 3614 2627 3680 duce
2672 3615 2922 3680 Drauso

774 3838 797 3883 1
838 3831 1010 3902 uado]
1040 3830 1168 3884 uelo
1202 3831 1253 3885 G
1383 3835 1413 3882 6
1444 3830 1821 3884 reuiuesceret
1853 3835 1922 3887 M
1937 3835 1984 3885 V
2007 3833 2194 3902 (Roth)
2321 3833 2544 3886 classim
2577 3834 2628 3888 G
2758 3839 2786 3886 7
2825 3853 2921 3888 no—

626 3913 906 3966 tissimum
927 3913 1169 3982 ς(τια19.)
1310 3917 1371 3963 11
1414 3927 1606 3963 uersus
1641 3911 1691 3964 G
1823 3918 1885 3964 13
1927 3913 2278 3981 deprecaturi
2313 3914 2363 3966 G
2501 3921 2565 3966 14
2597 3914 2926 3968 sustinuerit

627 3994 770 4062 (et)
802 3992 977 4046 ΡοῑαΙι·
1114 3989 1297 4060 plebis
1312 3991 1530 4060 GXQ²6
1671 3999 1734 4044 15
1774 3996 1990 4060 patrem
2029 3994 2264 4048 Ursi-nus
2287 4001 2508 4062 propter
2540 3995 2647 4049 Cic.
2681 3997 2824 4049 Cael.
2854 4000 2924 4049 34

642 4073 756 4128 Vaz.
784 4075 943 4126 Max.
970 4072 1021 4126 V
1042 4075 1102 4136 4,
1124 4076 1159 4125 6
1315 4077 1378 4123 19
1420 4073 1476 4124 et
1513 4071 1740 4138 quidem
1775 4075 1940 4142 mes,
1981 4075 2241 4140 equidem
2279 4076 2369 4128 rel.
2393 4077 2486 4144 (Ω)
2615 4081 2682 4128 20
2720 4075 2924 4130 tiberio

630 4154 724 4220 Rp
746 4159 796 4206 et
812 4156 1009 4222 sic-pro
1030 4153 1129 4206 αλ.
1152 4153 1329 4205 adse-r.
1350 4152 1413 4204 in
1434 4153 1493 4203 11
1510 4153 1596 4219 (m.
1617 4155 1670 4220 1)
1690 4159 1738 4206 et
1755 4155 1799 4222 Q
1821 4156 1997 4222 (nme),
2036 4153 2235 4208 timore
2266 4155 2396 4223 (thi-
2426 4159 2480 4224 δ)
2513 4155 2926 4226 ΜΘῙΥΕΠῼὸ

627 4235 708 4302 (in
744 4235 792 4287 V
820 4234 1045 4302 adpicta
1082 4233 1276 4286 notula
1316 4254 1393 4295 cs,
1440 4238 1500 4285 at
1536 4233 1679 4285 nihil
1725 4234 1786 4285 in-
1824 4251 1992 4302 mary.
2033 4235 2207 4288 adscr.
2255 4239 2542 4304 superest),
2587 4236 2805 4289 iuniore
2847 4237 2926 4290 G*

626 4317 715 4380 (m.
746 4314 997 4382 antiqu-a,
1036 4315 1163 4366 item·
1200 4329 1334 4366 corr.
1376 4314 1436 4365 in
1472 4315 1545 4382 9),
1581 4313 1796 4366 minore
1827 4315 2026 4368 PSOT
2057 4321 2106 4367 et
2141 4316 2221 4368 sic
2261 4333 2365 4383 pro
2403 4333 2456 4368 u.
2489 4317 2521 4370 1.
2561 4333 2628 4370 ss.
2663 4315 2743 4370 L*
2851 4315 2924 4369 ab

626 4395 836 4465 Appio]
876 4395 1060 4448 debuit
1099 4412 1131 4446 a
1160 4392 1360 4446 Publio
1492 4399 1555 4445 21
1597 4391 1700 4445 filii
1741 4411 1840 4447 om.
1875 4395 1928 4448 V
2045 4394 2375 4448 intersertus
2399 4398 2472 4450 Μ
2601 4396 2682 4467 et]
2713 4397 2770 4448 in
2801 4399 2858 4449 et
2878 4397 2930 4446 V

628 4515 695 4562 22
734 4508 1042 4580 leuieorum
1076 4511 1161 4575 M,
1198 4508 1474 4562 leuiorum
1514 4509 1651 4578 (len-
1681 4511 1752 4577 Τ)
1778 4511 1958 4575 GXT,
2007 4477 2153 4564 hiemo
2197 4512 2256 4576 V,
2305 4528 2438 4566 corr.
2471 4513 2550 4570 ὃς
2588 4511 2706 4565 edd.
2739 4513 2921 4580 princ.

627 4595 695 4641 ⁴25
733 4589 972 4658 insignis
1002 4592 1063 4642 H
1074 4589 1155 4658 Qs
1301 4594 1369 4641 28
1409 4590 1878 4657 condempnasset
1915 4591 2114 4644 drusus
2153 4593 2378 4660 reliquis
2414 4593 2628 4646 omissis
2667 4593 2717 4646 G
