3259 5209
983 432 1202 487 DIVVS
1241 432 1621 487 AVGVSTVS
1663 445 1793 494 [cu.
1826 444 2000 494 ιιι-95]
2558 433 2644 498 63

336 617 509 659 nuos
554 616 805 659 menses
854 594 1054 660 barba
1100 596 1463 680 capilloque
1510 596 1856 661 summisso
1903 600 2095 680 caput
2132 596 2453 660 interdum
2495 595 2646 659 fori-

338 702 467 765 bus
524 701 801 766 illideret
854 702 1245 767 uociferans:
1312 702 1651 779 Quintili
1698 701 1919 785 Vare,
1987 702 2335 789 legiones
2392 701 2643 766 redde!

340 809 641 892 diemque
688 808 887 874 cladis
934 811 1283 892 quotannis
1330 814 1644 875 maestum
1691 809 1994 874 habuerit
2040 831 2112 873 ac
2158 809 2517 894 lugubrem.

522 912 599 979 In
652 937 723 979 re
776 916 1045 979 militari
1102 920 1167 979 et
1223 918 1652 980 commutauit
1707 917 1913 980 multa
1977 920 2042 979 et
2101 916 2387 979 instituit
2451 920 2644 999 atque
2661 914 2750 980 :34

282 1048 309 1087 5
340 1023 537 1085 etiam
598 1020 679 1085 ad
732 1024 1070 1106 antiquum
1130 1044 1373 1087 morem
1428 1022 1744 1086 nonnulla
1799 1023 2148 1086 reuocauit.
2241 1021 2644 1105 disciplinam

342 1129 745 1192 seuerissime
792 1130 977 1192 rexit.
1038 1151 1119 1193 ne
1155 1129 1517 1213 legatorum
1556 1128 1813 1213 quidem
1852 1130 2172 1212 cuiquam,
2217 1130 2342 1191 nisi
2380 1132 2645 1213 grauate

340 1234 759 1317 hibernisque
826 1234 1079 1299 demum
1144 1236 1497 1318 mensibus,
1561 1236 1854 1319 permisit
1919 1256 2185 1299 uxorem
2251 1236 2642 1299 internisere.

343 1342 626 1423 equitem
694 1339 798 1424 R„
873 1340 1049 1425 quod
1121 1342 1371 1407 duobus
1444 1342 1597 1406 filiis
1682 1340 2198 1406 adulescentibus
2281 1362 2474 1404 causa
2545 1341 2647 1403 de-

344 1448 663 1511 trectandi
710 1450 1091 1513 sacramenti
1138 1449 1405 1531 pollices
1452 1452 1868 1532 amputasset,
1916 1450 2128 1533 ipsum
2167 1447 2462 1531 bonaque
2502 1447 2648 1511 sub-

264 1578 317 1618 m
346 1553 504 1617 iecit
540 1553 789 1639 hastae3
837 1576 1027 1638 quem
1064 1560 1301 1639 tamen,
1347 1555 1520 1639 quod
1558 1555 1868 1619 inminere
1905 1556 2217 1638 emptioni
2263 1553 2645 1637 publicanos

345 1658 627 1743 uidebat,
674 1660 907 1725 liberto
958 1684 1075 1726 suo
1124 1662 1387 1747 addixit,
1433 1665 1507 1725 ut
1555 1662 1908 1747 relegatum
1949 1663 2016 1725 in
2054 1682 2246 1747 agros
2283 1683 2400 1744 pro
2439 1660 2651 1725 libero

346 1787 488 1831 esse
543 1766 797 1831 sineret.
890 1768 1199 1833 decimam
1253 1768 1573 1855 legionem
1630 1768 2074 1833 contumacius
2122 1773 2453 1850 parentem
2501 1788 2646 1830 cum
2685 1784 2716 1831 2

348 1874 705 1958 ignominia
768 1878 973 1939 totam
1040 1875 1314 1960 dimisit,
1388 1878 1543 1939 item
1609 1874 1768 1939 alias
1835 1874 2211 1939 immodeste
2275 1873 2646 1937 missionem

346 1978 751 2060 postulantes
806 1981 967 2045 eitra
1022 1981 1359 2047 commoda
1414 1983 1828 2046 emeritorum
1875 1981 2302 2066 praemiorum
2350 1984 2646 2045 exaucto-

266 2110 319 2151 ιε
348 2086 537 2147 rauit.
634 2086 931 2151 cohortes
942 2138 959 2171 ,
1024 2090 1079 2151 si
1145 2110 1307 2172 quae
1364 2088 1704 2153 cessissent
1767 2088 1940 2172 loce,
2004 2088 2351 2152 decimatas
2407 2086 2647 2150 hordeo

346 2192 547 2273 pauit.
632 2194 1037 2259 centuriones
1096 2198 1375 2260 statione
1431 2196 1707 2279 deserta,
1771 2194 1994 2261 itidem
2057 2199 2132 2258 ut
2199 2192 2649 2276 manipulares,

348 2297 609 2379 capitali
670 2299 1222 2365 animaduersione
1268 2301 1507 2385 puniit,
1562 2322 1684 2385 pro
1731 2305 1943 2365 cetero
1991 2300 2368 2365 delictorum
2417 2320 2650 2386 genere

346 2404 551 2468 uariis
596 2406 948 2491 ignominis
986 2408 1241 2491 adfecit,
1288 2412 1362 2472 ut
1400 2412 1573 2471 stare
1608 2428 1725 2492 per
1761 2412 1974 2471 totum
2010 2406 2177 2470 diem
2216 2406 2464 2471 iuberet
2502 2410 2649 2468 ante

348 2512 773 2597 praetorium,
838 2515 1159 2579 interdum
1216 2517 1540 2579 tunicatos
1597 2516 2100 2598 discinctosque,
2163 2535 2647 2595 nonnumquam

267 2642 324 2681 ιο
357 2638 501 2681 cum
567 2618 992 2705 decempediS,
1066 2621 1172 2685 uel
1232 2624 1427 2685 etiam
1494 2623 1926 2704 c<a>espitem
1991 2623 2344 2703 portantes,
2443 2640 2650 2702 neque
2667 2619 2754 2683 25

351 2730 503 2807 post
550 2725 718 2790 bella
764 2727 979 2791 ciuilia
1028 2732 1139 2791 aut
1186 2728 1251 2791 in
1309 2729 1611 2793 contione
1658 2732 1769 2792 aut
1826 2750 1941 2811 per
1985 2726 2264 2790 edictum
2321 2725 2488 2789 ullos
2537 2725 2654 2789 mi-

350 2831 541 2897 litum
607 2834 1077 2899 commilitones
1142 2834 1535 2919 appellabat,
1609 2833 1720 2897 sed
1785 2833 2051 2915 milites,
2115 2854 2188 2896 ac
2251 2854 2332 2895 ne
2397 2854 2434 2895 a
2497 2832 2650 2895 filiis

355 2938 611 3021 quidem
668 2943 779 3004 aut
835 2940 1154 3027 priuignis
1212 2942 1341 3005 suis
1406 2940 1680 3024 imperio
1737 2939 2044 3024 praeditis
2101 2938 2287 3001 aliter
2342 2938 2650 3021 appellari

352 3066 585 3127 passus
640 3050 765 3131 est,
820 3046 1229 3111 ambitiosius
1283 3046 1351 3111 id
1405 3045 1808 3130 existimanS,
1866 3068 2059 3129 quam
2113 3047 2226 3107 aut
2271 3044 2440 3107 ratio
2487 3042 2654 3107 mili-

266 3172 325 3213 25
355 3152 515 3215 taris
570 3156 684 3216 aut
742 3156 1106 3237 temporum
1163 3153 1345 3237 quies
1400 3157 1512 3216 aut
1568 3174 1684 3217 sua
1741 3152 2096 3235 domusque
2151 3172 2302 3215 suae
2348 3149 2652 3212 maiestas

729 3298 782 3305 —--

504 3387 567 3433 15
611 3382 872 3451 Polyaen.
916 3382 1075 3436 VIII
1092 3386 1182 3447 24,
1212 3387 1261 3434 1.
1289 3384 1327 3435 2
1376 3380 1658 3450 Σεβαστὸς
1692 3380 1825 3441 τοὺς
1863 3380 1923 3434 ἐν
1959 3388 2083 3441 ταῖς
2129 3378 2332 3449 μάχαις
2367 3382 2651 3447 καθυφιε-

355 3458 557 3527 μένους
604 3462 705 3515 οὐκ
750 3460 947 3532 ἀνῄρει
994 3460 1235 3525 πάντας,
1293 3457 1413 3515 ἀλλ’
1448 3460 1790 3516 ἐδεκάτευεν.
1875 3460 2160 3529 Σεβαστὸς
2212 3468 2330 3520 τοῖς
2385 3458 2482 3513 διὰ
2537 3460 2652 3511 δει-

355 3536 485 3595 λίαν
532 3540 965 3609 ἀπολιπομένοις
1011 3539 1218 3608 κρνθάς
1275 3541 1399 3594 ἀντὶ
1447 3548 1642 3608 πυρῶν
1699 3539 1912 3594 ἐκέλευε
1970 3543 2311 3608 μετρεῖσθαι.
2462 3544 2527 3591 18
2575 3539 2650 3591 id.

368 3620 524 3673 VIII
553 3624 652 3686 24,
682 3624 717 3673 3
761 3622 893 3683 τοὺς
937 3620 1029 3675 ἐπὶ
1075 3618 1453 3686 στρατοπέδου
1499 3640 1554 3673 τι
1600 3619 1952 3689 ἁμαρτόντας
2003 3618 2434 3689 (διαμαρτόντας
2480 3620 2651 3686 uuly.)

357 3697 603 3754 ἐκέλευσε
640 3699 749 3767 πρὸ
778 3708 878 3755 τοῦ
908 3698 1267 3769 στρατηγείου
1297 3702 1627 3764 λυσιζώνους
1657 3698 1899 3762 ἑστάναι,
1941 3700 2052 3754 ἔστι
2080 3699 2143 3753 δὲ
2174 3697 2262 3752 ὅτε
2293 3700 2388 3752 καὶ
2417 3702 2652 3752 πλινθο-

360 3788 563 3847 φορεῖν
601 3776 686 3835 δι’
722 3776 851 3849 ὅλης
884 3778 1107 3849 ἡμέρας.
1257 3786 1323 3833 20
1346 3798 1465 3849 sqq.
1506 3780 1662 3848 Epit.
1696 3785 1744 3843 1,
1775 3784 1844 3833 14
1893 3780 2160 3833 auunculi
2199 3795 2421 3847 quoque
2457 3777 2653 3831 inuen-

356 3862 479 3913 tum
517 3858 878 3914 uehementer
906 3860 1200 3930 arguebat,
1239 3860 1336 3928 qui
1365 3858 1575 3913 milites
1606 3858 2016 3913 commilitones
2047 3902 2056 3912 .
2083 3902 2092 3912 .
2119 3902 2130 3913 .
2161 3858 2457 3928 appellans
2487 3859 2650 3927 (Suet.

357 3940 467 3993 Iul.
498 3942 609 4009 67),
646 3939 782 3992 dum
819 3939 1049 3993 affectat
1088 3940 1269 3993 carior
1306 3940 1441 4007 fieri,
1482 3940 1879 3993 auctoritatem
1919 3939 2188 4009 principis
2228 3938 2596 3992 emolliuerat.

506 4157 537 4205 6
574 4152 803 4220 quidem
840 4168 940 4206 om.
974 4152 1041 4205 M
1053 4153 1069 4182 ¹
1213 4156 1451 4222 granato
1486 4152 1595 4206 GT
1735 4157 1762 4204 ’1
1806 4152 2030 4204 domum
2063 4154 2136 4205 M
2287 4156 2353 4203 10
2392 4116 2652 4203 inmiiiire

356 4236 415 4299 (u
444 4236 590 4299 m.2)
614 4234 687 4286 M
731 4235 864 4301 (uox
905 4233 1095 4285 iuncta
1137 4233 1423 4300 sequenti),
1460 4232 1754 4285 imminere
1799 4234 1906 4299 (uel
1939 4234 2064 4300 im-)
2094 4232 2187 4285 rel.
2369 4229 2652 4299 emptione

358 4311 678 4366 MVLPS¹
803 4318 869 4365 12
899 4329 1026 4365 cum
1058 4330 1158 4366 om.
1182 4314 1257 4366 M
1258 4315 1308 4367 G
1323 4314 1477 4366 VLP
1492 4313 1642 4379 (add.
1667 4312 1842 4375 L³P²,
1881 4313 2040 4366 habet
2059 4312 2120 4364 N
2128 4314 2164 4381 )‚
2189 4311 2458 4364 audacius
2484 4311 2656 4374 fuerit

358 4390 673 4461 ignominia
706 4394 987 4457 notatam,
1036 4391 1343 4461 ignominie
1380 4394 1565 4444 tutam
1612 4394 1898 4460 temptauit
1935 4398 2198 4446 correcto-r
2236 4392 2272 4443 ὃ
2307 4391 2396 4457 (cf.
2432 4390 2546 4444 Gal.
2565 4392 2653 4457 44)

359 4478 429 4526 14
464 4471 839 4541 praemiorum
868 4489 967 4526 om.
995 4473 1041 4541 Q
1068 4474 1269 4541 (Torr.)
1426 4478 1487 4524 17
1530 4472 1864 4525 delictorum
1893 4489 1993 4525 om.
2023 4474 2070 4523 Τ
2219 4476 2286 4523 22
2327 4468 2655 4539 appellabat

359 4550 664 4617 HRP28T,
680 4550 933 4621 appellat
948 4554 1019 4605 M
1022 4553 1071 4607 G
1088 4552 1377 4621 VLP106,
1394 4552 1708 4621 appellauit
1729 4552 1958 4606 Salmas.
2038 4557 2103 4602 23
2126 4549 2272 4603 alter
2285 4550 2396 4617 111¹,
2417 4550 2658 4620 om.H¹Q
