3259 5209
544 1870 581 1918 4

618 402 755 468 330
1326 403 1383 460 C.
1424 403 1742 459 SVETONI
1777 404 2027 471 TRANQ
2037 404 2225 460 VILLI

616 569 825 633 fessus
866 569 977 654 sit3
1023 572 1089 633 et
1125 569 1314 652 plane
1353 569 1445 634 ita
1481 568 1653 634 fecit.
1710 591 1858 634 nam
1893 591 2102 654 neque
2138 569 2405 656 negauit
2441 569 2783 653 quicquam
2815 591 2926 652 pe-

619 674 909 740 tentibus
949 679 1014 739 et
1049 680 1122 740 ut
1157 698 1319 759 quae
1356 675 1600 740 uellent
1636 680 1930 760 peterent
1966 676 2137 741 ultro
2175 676 2554 742 adhortatus
2583 679 2698 742 est.
2763 677 2930 759 quin

619 786 687 847 et
752 781 1037 847 studium
1097 787 1455 846 armaturae
1513 781 1871 848 Thraecum
1926 805 2081 867 prae
2135 805 2202 848 se
2257 784 2470 848 ferens
2531 804 2718 868 saepe
2773 805 2926 847 cum

618 889 863 972 populo
912 893 977 953 et
1020 910 1181 954 uoce
1228 893 1293 953 et
1330 892 1518 975 gestu
1557 894 1628 954 ut
1674 891 1892 955 fautor
1927 889 2268 955 cauillatus
2305 893 2420 974 est,
2467 912 2691 955 uerum
2730 891 2930 955 maie-

619 999 785 1061 state
824 996 1003 1060 salua
1037 1016 1159 1060 nec
1192 996 1405 1060 minus
1443 996 1785 1080 aequitate.
1841 1017 1923 1060 ne
1963 996 2116 1079 quid
2153 995 2608 1081 popularitatis
2645 1000 2931 1081 praeter·
2995 1023 3024 1060 5

620 1103 937 1182 mitteret,
992 1124 1475 1186 nonnumquam
1535 1105 1604 1166 in
1659 1102 1928 1168 thermis
1984 1105 2114 1168 suis
2175 1103 2452 1168 admissa
2503 1102 2692 1187 plebe
2737 1103 2924 1167 lauit.

799 1208 1124 1285 Quaedam
1172 1209 1294 1274 sub
1343 1231 1417 1273 eo
1463 1210 1737 1274 fortuita
1783 1232 1858 1275 ac
1893 1210 2105 1275 tristia
2142 1210 2529 1293 acciderunt,
2575 1213 2650 1273 ut
2685 1210 2928 1274 confla-

618 1316 829 1402 gratio
877 1315 1148 1381 Vesuuii
1193 1317 1437 1381 montis
1485 1316 1551 1380 in
1589 1315 1956 1401 Campania,
2001 1322 2066 1382 et
2112 1316 2475 1382 incendium
2513 1316 2758 1381 Romae
2803 1339 2930 1402 per

618 1423 905 1488 triduum
942 1423 1342 1507 totidemque
1380 1428 1622 1506 noctes,
1662 1425 1814 1488 item
1857 1422 2226 1507 pestilentia
2253 1429 2496 1507 quanta
2519 1446 2653 1488 non
2681 1428 2930 1488 temere

618 1529 792 1594 alias,
885 1530 955 1594 in
1010 1530 1091 1594 iis
1138 1535 1237 1594 tot
1283 1530 1567 1595 aduersis
1614 1552 1688 1594 ac
1734 1528 1972 1594 talibus
2018 1552 2150 1594 non
2196 1531 2387 1595 modo
2434 1530 2748 1615 principis
2795 1529 2928 1594 sol-
2964 1557 3022 1594 ιο

616 1637 1020 1702 licitudinem
1076 1637 1188 1702 sed
1244 1641 1308 1702 et
1361 1639 1648 1721 parentis
1707 1638 2006 1702 affectum
2053 1637 2314 1702 unicum
2361 1639 2704 1722 praestitit,
2746 1658 2930 1702 nunc

620 1744 1011 1809 consolando
1068 1766 1185 1827 per
1238 1742 1470 1827 edicta,
1530 1765 1707 1808 nunc
1761 1745 2138 1829 opitulando
2189 1748 2504 1827 quatenus
2553 1749 2927 1828 suppeteret

618 1853 907 1916 facultas.
1028 1855 1355 1916 curatores
1424 1850 1857 1915 restituendae
1934 1850 2321 1936 Campaniae
2386 1873 2419 1916 e
2485 1849 2924 1915 consularium

615 1980 883 2023 numero
942 1961 1113 2022 sorte
1170 1957 1381 2042 duxit3
1436 1957 1607 2024 bona
1665 1979 2118 2042 oppressorum
2163 1961 2234 2022 in
2281 1957 2586 2040 Vesuui0,
2643 1977 2924 2040 quorum

616 2064 882 2130 heredes
928 2086 1055 2129 non
1107 2064 1433 2149 extabant,
1477 2065 1874 2130 restitutioni
1913 2065 2296 2129 afflictarum
2339 2065 2698 2130 ciuitatium
2738 2064 2926 2128 attri-
2961 2091 3016 2129 ιε.

616 2171 773 2236 buit.
841 2170 1019 2236 urbis
1050 2170 1345 2236 incendio
1372 2171 1540 2236 nihil
1568 2171 1826 2256 publice
1853 2172 1980 2236 nisi
2017 2173 2310 2256 perisse
2349 2176 2642 2254 testatus,
2687 2176 2926 2237 cuncta

618 2280 1089 2362 praetoriorum
1138 2300 1399 2343 suorum
1450 2285 1828 2344 ornamenta
1873 2279 2177 2363 operibus
2225 2301 2298 2343 ac
2344 2279 2606 2363 templis
2644 2277 2926 2342 destina-

615 2386 716 2448 uit
761 2386 1261 2469 praeposuitque
1308 2385 1660 2470 compluris
1708 2408 1787 2449 ex
1833 2387 2115 2469 equestri
2164 2386 2403 2470 ordine,
2450 2405 2580 2468 quo
2627 2405 2924 2468 quaeque

618 2493 933 2554 maturius
972 2497 1444 2578 peragerentur.
1508 2492 1859 2557 medendae
1897 2491 2240 2557 ualitudini
2276 2491 2716 2575 leniendisque
2753 2511 2921 2554 mor-

618 2595 720 2660 bis
772 2597 1016 2661 nullam
1078 2598 1361 2663 diuinam
1420 2598 1894 2683 humanamque
1951 2621 2138 2683 opem
2185 2621 2318 2663 non
2362 2598 2662 2663 adhibuit
2707 2598 2922 2680 inqui·
2955 2623 3009 2662 20

620 2704 746 2767 sito
795 2704 971 2767 omni
1019 2706 1476 2770 sacrificiorum
1523 2706 2079 2790 remediorumque
2125 2729 2372 2793 genere.

795 2809 975 2875 Inter
1000 2811 1269 2876 aduersa
1296 2817 1662 2896 temporum
1693 2817 1757 2878 et
1787 2812 2102 2878 delatores
2137 2813 2706 2896 amendatoresque
2734 2815 2920 2876 erant

618 2939 696 2980 ex
751 2917 1012 2982 licentia
1066 2919 1288 2984 ueteri.
1379 2919 1499 2984 hos
1561 2920 1812 2984 assidue
1869 2920 1936 2983 in
1993 2921 2135 2985 foro
2193 2919 2466 3006 flagellis
2514 2941 2590 2984 ac
2632 2918 2918 2982 fustibus

760 3118 792 3164 6
822 3113 891 3178 cf.
914 3112 1191 3166 Einhard.
1208 3116 1285 3166 22
1394 3118 1421 3166 7
1446 3129 1566 3180 sqq.
1598 3113 1754 3182 Epit.
1777 3119 1865 3179 10,
1885 3116 1957 3167 12
1985 3112 2152 3166 huius
2179 3115 2430 3182 tempore
2457 3129 2617 3166 mons
2636 3111 2916 3166 Vesuuina

616 3192 677 3244 in
716 3189 1024 3261 Campania
1061 3192 1257 3247 ardere
1294 3193 1497 3262 coepit,
1535 3192 1970 3262 incendiumque
2006 3193 2218 3247 Romae
2255 3192 2376 3246 sine
2413 3195 2687 3246 nocturna
2721 3193 2918 3260 requie

616 3287 718 3340 per
753 3272 1004 3325 triduum
1042 3271 1165 3326 fuit.
1242 3278 1329 3338 10,
1351 3276 1421 3326 13
1458 3272 1579 3326 lues
1618 3289 1841 3341 quoque
1881 3273 2136 3344 <Romae
2172 3272 2299 3328 add.
2331 3273 2662 3345 Landolf),
2700 3275 2917 3340 quanta

616 3352 713 3405 uix
748 3369 1000 3419 unquam
1036 3355 1229 3418 antea,
1269 3353 1392 3406 fuit.
1472 3359 1559 3419 10,
1580 3357 1649 3406 14
1697 3353 1900 3422 quibus
1945 3355 2135 3407 tamen
2173 3352 2338 3406 malis
2382 3352 2541 3406 nullo
2579 3355 2783 3406 uexato
2819 3368 2917 3421 pe-

614 3431 786 3485 cunia
822 3433 1052 3501 propria
1080 3432 1346 3487 subuenit
1375 3433 1592 3487 cunctis
1618 3433 1994 3487 remediorum
2023 3433 2340 3503 generibus,
2377 3450 2527 3486 nunc
2555 3435 2916 3503 aegrotantes

614 3528 719 3580 per
755 3515 931 3565 semet
958 3513 1143 3582 ipsum
1181 3513 1451 3577 reficiens,
1490 3531 1640 3566 nunc
1679 3514 1971 3567 consolans
2011 3530 2235 3568 suorum
2271 3512 2547 3568 mortibus
2584 3513 2841 3567 afflictos.

762 3677 792 3724 3
844 3671 1100 3726 threcum
1139 3673 1281 3738 ML,
1318 3672 1577 3728 thracum
1615 3676 1778 3741 (ti-ac·
1821 3675 1919 3740 11¹,
1957 3673 2142 3727 trach-
2183 3672 2340 3743 11¹R)
2376 3675 2469 3729 rel.
2619 3679 2646 3726 7
2706 3689 2774 3727 ac
2809 3673 2912 3728 del.

616 3753 793 3808 Polak
937 3753 1261 3806 acciderant
1299 3754 1531 3823 Bentley
1677 3760 1708 3807 8
1755 3754 1964 3808 ιιθ*ὶ>ἰὶ
2003 3753 2041 3822 (l
2079 3753 2297 3822 erasa?)
2339 3757 2435 3820 M,
2471 3753 2698 3808 uesubii
2737 3753 2790 3808 G
2825 3755 2914 3822 (su

610 3849 683 3888 ss.
722 3850 790 3886 m.
824 3835 895 3901 1),
935 3832 1117 3886 suebii
1143 3836 1212 3900 X,
1249 3833 1403 3887 bebii
1440 3837 1499 3899 Τ,
1536 3834 1732 3888 ueseui
1761 3835 1821 3887 N
1859 3838 1933 3903 (u.
1965 3837 2120 3902 infra
2159 3836 2190 3888 l.
2222 3837 2311 3903 14)
2458 3841 2525 3888 10
2556 3833 2912 3906 <fa>talibus

614 3913 958 3968 Cornelissen
1139 3920 1200 3966 11
1258 3913 1413 3967 unici
1452 3916 1684 3982 Lipsius
1854 3920 1918 3968 12
1978 3915 2322 3968 consulando
2361 3915 2516 3979 MR,
2571 3913 2912 3968 consulendo

614 3993 848 4064 Bentley
972 3995 1289 4062 perredicta
1313 3996 1382 4049 M
1388 3996 1438 4048 G
1574 3993 1840 4062 quatinus
1861 3995 2034 4049 HRX
2055 3999 2209 4063 (corr.
2232 3993 2320 4063 8²>
2447 3999 2514 4047 13
2545 4009 2576 4048 e
2603 4011 2704 4048 om.
2725 3995 2842 4046 ΧΠ
2843 3993 2916 4062 ‘Q

618 4079 684 4127 14
720 4078 957 4129 numeru
988 4076 1062 4129 Μ
1200 4074 1435 4128 uesuuio
1468 4077 1554 4140 M,
1592 4074 1827 4128 uesubio
1860 4075 1927 4141 G,
1964 4074 2216 4128 uesieuio
2246 4076 2315 4140 L,
2352 4074 2580 4128 ueseuio
2610 4073 2912 4137 ss¹RPST,

612 4169 819 4208 ueseuo
863 4155 975 4224 ΟΝ
1020 4163 1070 4209 et
1109 4172 1220 4224 pro
1269 4173 1324 4207 u.
1380 4155 1410 4208 l.
1452 4154 1533 4208 11¹
1733 4160 1796 4207 15
1850 4154 2170 4207 ciuitatium
2212 4155 2361 4220 ML,
2417 4155 2573 4206 -tum
2619 4155 2714 4208 rel.
2767 4160 2816 4208 ct
2852 4153 2920 4208 N

616 4239 681 4287 16
728 4234 904 4289 nichil
941 4235 1050 4288 nisi
1088 4235 1197 4289 sibi
1235 4235 1444 4303 perisse
1481 4238 1724 4289 testatus
1761 4234 1986 4302 publice
2031 4238 2078 4287 Y
2123 4236 2210 4302 (ss.
2251 4232 2319 4286 a}
2353 4237 2392 4287 ᾗ
2429 4233 2538 4288 sibi
2575 4232 2753 4288 nichil
2791 4231 2913 4302 11²),

614 4314 790 4367 nichil
828 4315 937 4368 nisi
974 4315 1083 4368 sibi
1120 4315 1345 4384 publice
1383 4315 1595 4383 perisse
1622 4317 1863 4368 testatus
1898 4314 2032 4374 OT.-
2065 4315 2276 4385 (καφ),
2313 4313 2490 4368 nichil
2515 4313 2628 4368 nisi
2655 4312 2766 4367 sibi
2793 4329 2908 4382 per.

613 4393 771 4462 publ.
800 4398 927 4449 test.
960 4397 1035 4460 N,
1074 4394 1216 4448 nihil
1244 4395 1398 4463 publ.
1428 4396 1640 4464 perisse
1670 4399 1706 4448 t.
1733 4395 1878 4449 Roth
1905 4412 1932 4448 e
1960 4395 2138 4448 codice
2159 4393 2239 4462 (ἓ)
2270 4395 2542 4449 Tor-rentii
2654 4397 2720 4448 17
2749 4409 2912 4462 prae-

614 4474 821 4527 torium
862 4479 937 4530 M
1077 4481 1142 4528 22
1183 4476 1684 4543 amendatoresque
1724 4477 1819 4541 M,
1856 4474 2362 4542 amandatoresque
2403 4475 2517 4540 Ge,
2554 4473 2911 4528 amantiores·

614 4570 723 4621 que
760 4558 819 4620 T,
858 4555 1324 4622 mandator-esque
1356 4559 1410 4607 X
1547 4560 1614 4608 23
1654 4555 1897 4621 ueterib;
1937 4557 2058 4623 (om.
2087 4553 2212 4625 hos)
2246 4554 2296 4608 G
2335 4613 2341 4620 ‚
