3259 5209
1088 443 1541 501 noMmANVs
1581 458 1714 508 [ω.
1747 459 1922 508 ,ιο-ιε]
2523 441 2656 513 353

352 633 475 674 nas
520 614 659 695 ipse
704 607 1051 677 deuelleret
1096 614 1481 694 nataretque
1527 612 1697 675 inter
1741 611 2227 696 uulgatissimas
2269 613 2653 676 meretrices.

350 719 575 783 fratris
602 719 805 784 filiam
834 718 1045 784 adhuc
1073 719 1392 803 uirginem
1423 717 1708 782 oblatam
1739 718 1807 782 in
1834 720 2319 784 matrimonium
2347 715 2477 784 sibi
2507 717 2652 784 cum

354 823 694 890 deuinctus
766 825 1092 891 Domitiae
1164 826 1410 910 nuptiis
1482 827 1992 909 pertinacissime
2067 829 2441 909 recusasset,
2521 849 2655 891 non

352 931 561 1000 multo
617 937 768 1016 post
822 934 934 998 alii
993 933 1395 998 conlocatam
1457 934 1747 1016 corrupit
1807 932 1980 997 ultro
2051 937 2117 998 et
2175 934 2434 1016 quidem
2501 935 2654 999 uiuo

292 1061 323 1102 s
354 1039 548 1104 etiam
576 1044 717 1104 tum
737 1039 916 1124 Tito3
945 1061 1095 1104 mox
1124 1045 1305 1124 patre
1342 1061 1417 1104 ac
1444 1041 1588 1104 uiro
1620 1038 1912 1104 orbatam
1943 1040 2385 1105 ardentissime
2414 1040 2656 1123 palam-

355 1167 482 1228 que
528 1145 772 1229 dilexit,
817 1151 891 1210 ut
929 1149 1121 1211 etiam
1161 1133 1352 1212 causa
1386 1148 1615 1212 mortis
1655 1145 1942 1212 extiterit
1979 1151 2235 1212 coactae
2273 1151 2652 1231 conceptum

350 1274 392 1316 a
436 1274 503 1318 se
549 1253 823 1338 abigere.

532 1358 831 1425 Occisum
871 1383 1018 1424 eum
1053 1360 1337 1446 populus
1374 1361 1828 1446 indifferenter,
1863 1361 2047 1426 miles
2084 1361 2468 1448 grauissime
2497 1360 2651 1426 tulit
2671 1356 2759 1422 23

352 1467 703 1551 statimque
762 1466 1006 1531 Diuum
1072 1467 1392 1551 appellare
1453 1472 1722 1532 conatus
1783 1472 1900 1553 est,
1958 1472 2222 1552 paratus
2284 1473 2348 1532 et
2406 1468 2651 1552 ulcisci,

271 1595 327 1635 ιο
352 1575 481 1639 nisi
528 1575 720 1638 duces
768 1574 1147 1656 defuissent3
1197 1574 1372 1657 quod
1420 1573 1677 1657 quidem
1725 1574 1920 1660 paulo
1966 1581 2116 1659 post
2152 1574 2306 1639 fecit
2345 1580 2646 1660 expostu-

350 1681 499 1745 latis
572 1681 655 1744 ad
726 1701 998 1765 poenam
1072 1682 1577 1765 pertinacissime
1653 1681 1864 1746 caedis
1927 1681 2315 1747 auctoribus
2425 1687 2649 1747 contra

353 1791 614 1853 senatus
651 1789 810 1852 adeo
847 1790 1122 1853 laetatus
1160 1791 1275 1871 est,
1312 1793 1386 1852 ut
1422 1789 1666 1872 repleta
1695 1789 1991 1854 certatim
2022 1790 2201 1854 curia
2234 1810 2370 1854 non
2404 1795 2652 1872 tempe-

355 1900 543 1980 raret,
593 1895 751 1978 quin
794 1899 1125 1960 mortuum
1164 1894 1815 1960 contumeliosissimo
1857 1900 2050 1979 atque
2087 1896 2502 1960 acerbissimo
2543 1897 2650 1960 ad-

355 1999 812 2066 clamationum
859 2023 1091 2086 genere
1136 2001 1462 2086 laceraret‚
1518 2002 1724 2066 scalas
1772 2003 1964 2067 etiam
2011 2002 2236 2067 inferri
2283 2003 2655 2088 clipeosque

268 2127 325 2169 ιε
358 2112 423 2172 et
469 2106 785 2193 imagines
830 2109 968 2173 eius
1016 2129 1232 2174 coram
1281 2108 1532 2173 detrahi
1578 2113 1644 2174 et
1689 2107 1928 2174 ibidem
1968 2110 2106 2174 solo
2146 2109 2352 2195 affligi
2389 2109 2641 2174 iuberet

352 2216 705 2280 nouissime
752 2214 1101 2282 eradendos
1140 2216 1379 2299 ubique
1418 2217 1646 2282 titulos
1686 2215 2195 2299 abolendamque
2235 2238 2487 2282 omnem
2527 2239 2652 2282 me·

354 2323 625 2386 moriam
674 2323 1055 2388 decerneret.

528 2425 701 2492 Ante
738 2448 977 2513 paucos
1015 2452 1208 2514 quam
1247 2430 1646 2494 occideretur
1682 2450 1932 2494 menses
1970 2432 2194 2495 cornix
2233 2431 2301 2496 in
2331 2429 2652 2515 Capitolio
2693 2443 2730 2491 2

495 2699 526 2746 8
568 2694 751 2748 Victor
772 2695 921 2748 Gaea.
946 2700 1031 2761 11,
1052 2699 1088 2749 9
1115 2711 1226 2762 quo
1256 2695 1395 2748 moti
1433 2693 1662 2761 milites,
1699 2694 1904 2762 quibus
1939 2695 2195 2763 priuatae
2225 2696 2655 2750 commoditates

349 2773 647 2844 dispendio
703 2774 930 2843 publico
986 2773 1199 2844 largius
1255 2773 1593 2844 procedunt,
1662 2778 1915 2828 auctores
1970 2775 2123 2829 necis
2184 2775 2258 2829 ad
2313 2775 2653 2845 supplicium

349 2857 543 2923 petere
580 2872 732 2908 more
770 2871 868 2908 suo
899 2853 1219 2908 seditiosius
1250 2857 1568 2923 coeperunt.
1645 2854 1742 2923 qui
1778 2855 1872 2908 uix
1913 2873 2189 2925 aegreque
2225 2873 2326 2925 per
2353 2857 2654 2924 prudentes

350 2933 616 3002 cohibiti,
662 2934 893 2988 tandem
930 2935 990 2988 in
1028 2935 1271 3006 gratiam
1319 2935 1658 3004 optimatum
1705 2952 2014 2990 conuenere
2052 2953 2154 3004 eqs.
2221 2937 2290 3002 cf.
2323 2937 2477 3005 Epic.
2509 2941 2596 3002 12,
2618 2941 2655 2991 8

352 3014 583 3084 Lampr.
612 3016 769 3069 Alex.
800 3015 923 3068 Seu.
955 3019 1044 3080 63,
1074 3021 1103 3068 1
1156 3018 1393 3068 mortem
1446 3013 1565 3069 eius
1614 3014 1825 3070 milites
1864 3056 1879 3070 .
1918 3055 1932 3070 .
1971 3055 1985 3070 .
2022 3016 2352 3086 grauissime
2403 3016 2657 3070 tulerunt

353 3097 525 3163 atque
564 3098 818 3149 auctores
856 3095 1043 3148 caedis
1081 3095 1449 3148 trucidarunt.
1598 3101 1666 3148 16
1713 3096 1898 3150 Victor
1926 3097 2075 3151 Caes.
2107 3101 2193 3161 11,
2221 3102 2258 3149 8
2295 3099 2520 3150 senatus
2551 3137 2564 3150 .
2595 3138 2608 3151 .
2641 3137 2653 3152 .

354 3175 666 3229 radendum
690 3215 702 3228 .
725 3217 737 3228 .
759 3216 772 3228 .
792 3192 995 3229 nomen
1026 3173 1275 3230 decreuit
1296 3175 1443 3242 (inde
1470 3175 1627 3244 Epic.
1650 3181 1736 3241 11,
1759 3180 1864 3244 13).
1943 3229 1952 3236 ,
1991 3183 2056 3230 18
2078 3193 2158 3244 sq.
2191 3176 2346 3244 Epic.
2368 3181 2458 3242 13,
2480 3183 2550 3230 10
2571 3179 2656 3245 (de

362 3256 629 3324 Traiano)
667 3272 811 3322 quae
841 3256 1031 3309 omnia
1067 3273 1133 3309 eo
1170 3255 1385 3309 maiora
1412 3254 1758 3322 uisebantur,
1798 3256 2062 3324 quoniam
2101 3273 2201 3325 per
2237 3256 2444 3309 multos
2485 3259 2654 3326 atque

354 3336 571 3388 atroces
614 3339 881 3404 tyrannos
932 3334 1154 3404 perdito
1202 3337 1372 3403 atque
1422 3339 1703 3404 prostrato
1755 3338 1905 3390 statu
1949 3337 2200 3390 Romano
2243 3335 2303 3390 in
2343 3337 2654 3391 remedium

354 3417 641 3469 tantorum
686 3416 961 3470 malorum
1009 3415 1281 3470 diuinitus
1306 3415 1661 3469 credebatur
1697 3419 1969 3484 oportune
2009 3415 2198 3484 datus,
2236 3433 2414 3486 usque
2452 3434 2543 3484 00,
2589 3420 2655 3471 ut

354 3493 660 3549 adueniens
717 3495 1013 3564 imperium
1066 3494 1183 3550 eius
1238 3495 1506 3564 pleraque
1560 3495 1801 3550 mirifica
1856 3497 2330 3550 denuntiauerint.
2413 3496 2472 3550 in
2529 3498 2654 3567 quis

354 3575 743 3645 praecipuum,
796 3576 1075 3630 cornicem
1119 3592 1150 3630 e
1202 3573 1431 3645 fastigio
1475 3573 1741 3645 Capitolii
1783 3575 1988 3630 Atticis
2031 3576 2377 3631 sermonibus
2426 3576 2654 3631 effatam

350 3673 473 3710 esse
504 3659 683 3717 καλῶς
711 3655 877 3711 ἔσται.

502 3913 528 3960 1
568 3906 689 3976 ipse
718 3923 855 3962 corr.
885 3924 951 3960 eoe
978 3905 1087 3975 ipsi
1112 3908 1185 3960 M
1289 3903 1596 3959 deuelleret
1625 3905 1676 3959 G
1705 3905 2000 3974 (amotus),
2030 3904 2329 3959 diuelleret
2361 3907 2455 3960 rel.
2488 3909 2579 3975 (Ω.)

352 3999 689 4093 nataretque
711 4024 785 4076 Μ
810 4025 899 4092 (m.
928 4027 959 4076 1
988 4029 1051 4077 ut
1070 4022 1225 4087 uid),
1253 4022 1585 4088 notaretque
1611 4021 1678 4084 G,
1707 4019 1758 4072 N
1762 4020 2130 4088 atharamque
2156 4024 2191 4075 ὃ
2325 4022 2653 4092 uulgatissi-

354 4123 477 4159 mas
507 4123 540 4165 ς
702 4109 733 4156 2
772 4103 1049 4172 uirginem
1080 4119 1190 4167 non
1212 4101 1283 4154 Μ
1311 4105 1568 4170 (expunoe.
1599 4119 1669 4154 m.
1697 4104 1754 4162 2)
1893 4100 2000 4154 sibi
2029 4101 2087 4153 in
2121 4102 2541 4155 matrimonium
2566 4104 2654 4157 G&

358 4191 389 4238 3
438 4185 693 4239 deuictus
722 4201 791 4250 ρς
1036 4187 1069 4235 8
1107 4200 1232 4234 eum
1278 4199 1379 4236 om.
1410 4182 1475 4234 N
1695 4187 1724 4233 9
1764 4198 1890 4233 eum
1929 4189 2057 4250 post
2101 4181 2407 4249 statimque
2445 4183 2573 4236 add.
2610 4185 2658 4235 Τ

358 4272 426 4320 10
464 4265 655 4336 duces]
685 4265 832 4318 uires
868 4267 916 4317 Τ
1024 4269 1087 4316 12
1118 4264 1495 4330 temperarent
1528 4262 1649 4325 Me,
1683 4260 1847 4313 -rarit
1877 4261 2106 4330 Bentley
2274 4267 2337 4314 13
2368 4263 2653 4315 contume-

355 4344 679 4415 liosissimo]
718 4344 1040 4413 turpissimo
1075 4343 1125 4397 G
1244 4345 1413 4409 atque
1443 4339 1799 4394 acerbissimo
1838 4358 1938 4394 om.
1959 4344 2008 4394 Τ
2032 4341 2179 4409 (add.
2211 4340 2312 4409 11¹)
2423 4342 2653 4395 iniuria-

356 4445 481 4480 rum
526 4442 631 4495 pro
682 4422 1157 4479 adclamationum
1187 4443 1218 4488 ρ
1367 4427 1430 4475 14
1468 4419 1740 4474 laceraret
1788 4436 1866 4488 (re
1909 4422 1970 4473 in
2006 4425 2136 4490 ras.)
2165 4421 2251 4487 M,
2297 4423 2367 4488 cf.
2405 4423 2480 4476 ad
2518 4423 2552 4475 l.
2584 4427 2655 4476 12

362 4511 427 4560 15
458 4505 613 4576 affigi
644 4507 735 4572 ρΤ
755 4512 805 4560 et
839 4506 917 4558 sic
936 4521 1041 4573 pro
1069 4521 1124 4556 u.
1147 4503 1181 4555 l.
1211 4502 1387 4556 adscr.
1409 4501 1506 4566 12³,
1543 4518 1655 4554 uox
1682 4502 1924 4554 euanida
1954 4503 2016 4554 in
2050 4503 2115 4568 G,
2156 4503 2252 4556 ubi
2279 4509 2458 4556 tamen
2497 4501 2654 4572 affigi

356 4587 447 4641 uel
484 4586 640 4655 afligi
658 4587 849 4655 potius
882 4584 1055 4650 fuerit

466 4685 737 4725 svn-ouva
767 4684 835 4724 ed.
864 4685 999 4724 Ihm.
1051 4684 1088 4722 1.
2158 4675 2226 4722 23
