3259 5209
619 442 746 507 186
1320 445 1376 499 c,
1418 444 1733 498 SVETONI
1768 433 2211 508 TRANQVILLI

615 607 994 691 parentibus
1047 608 1216 670 inter
1269 607 1508 672 liberos
1555 608 1766 692 palam
1814 606 1996 672 heres
2041 611 2543 690 nuncuparetur,
2601 605 2917 670 derisores

613 712 916 791 uocabat,
979 714 1152 796 quod
1212 719 1360 797 post
1412 715 1959 798 nuncupationem
2016 714 2239 778 uiuere
2282 717 2792 796 perseuerarent,
2852 717 2917 776 et

543 835 576 880 3
615 819 840 883 multis
897 825 1245 884 uenenatas
1301 825 1574 885 matteas
1629 821 1827 884 misit.
1911 820 2340 907 cognoscebat
2386 824 2601 883 autem
2650 819 2725 882 de
2774 818 2916 882 tali·

611 926 732 989 bus
782 928 1019 1009 causiS,
1079 931 1300 991 taxato
1354 927 1535 1011 prius
1597 927 1787 991 modo
1850 949 2137 991 summae
2192 927 2273 990 ad
2330 947 2519 1010 quem
2576 926 2919 992 conficien-

613 1034 762 1097 dum
822 1034 1208 1116 consideret,
1266 1033 1556 1098 confecto
1616 1033 1873 1098 demum
1930 1033 2345 1098 excitabatur.
2429 1054 2503 1096 ac
2556 1053 2637 1096 ne
2693 1021 2917 1115 paulu·
2978 1056 3009 1096 5

610 1143 741 1205 lum
795 1141 1052 1224 quidem
1109 1162 1348 1206 morae,
1372 1141 1622 1223 patiens
1680 1161 1875 1224 super
1920 1139 2345 1225 quadraginta
2396 1159 2543 1203 reos
2590 1137 2917 1220 quondam

609 1269 688 1310 ex
727 1247 1000 1311 diuersis
1039 1247 1414 1312 criminibus
1453 1235 1580 1310 una
1626 1247 1943 1310 sententia
1980 1235 2433 1312 condemnauit
2468 1245 2918 1330 gloriatusque

609 1357 708 1418 est
755 1354 1202 1438 expergefacta
1249 1375 1284 1417 e
1331 1375 1556 1417 somno
1601 1351 1916 1417 Caesonia
1962 1358 2329 1437 quantum
2376 1353 2695 1437 egisset,
2742 1351 2915 1414 dum

611 1483 696 1524 ea
741 1459 1204 1525 meridiaret.

542 1579 577 1626 4
793 1565 1111 1630 Auctione
1157 1566 1490 1649 proposita
1535 1566 1841 1648 reliquias
1881 1567 2168 1630 omnium
2206 1564 2719 1649 spectaculorum
2766 1565 2911 1628 sub·
2944 1589 2997 1627 ιο

611 1675 762 1737 iecit
809 1695 882 1736 ac
928 1673 1317 1756 uenditauit,
1373 1673 1714 1756 exquirens
1770 1695 1885 1755 per
1941 1695 2007 1736 se
2061 1673 2271 1756 pretia
2327 1675 2393 1735 et
2438 1693 2641 1755 usque
2686 1693 2762 1735 eo
2791 1693 2915 1734 -ex-

608 1780 893 1862 tendens,
945 1784 1021 1842 ut
1067 1779 1328 1862 quidam
1375 1780 1687 1843 immenso
1737 1781 1943 1844 coacti
1990 1779 2302 1862 quaedam
2352 1799 2559 1842 emere
2606 1799 2680 1842 ac
2727 1777 2917 1841 bonis

613 1888 789 1949 exuti
837 1907 1034 1950 uenas
1093 1886 1216 1949 sibi
1264 1885 1632 1949 inciderent.
1716 1890 1874 1950 nota
1918 1909 2017 1950 res
2075 1891 2197 1970 est,
2243 1883 2505 1970 Aponio
2563 1883 2914 1948 Saturnino

609 1993 776 2057 inter
841 1992 1148 2056 subsellia
1212 1992 1624 2074 dormitante,
1690 1993 2008 2056 monitum
2076 2016 2115 2056 a
2172 1992 2330 2057 Gaio
2392 2011 2772 2076 praeconem
2832 2013 2914 2054 ne

608 2099 1002 2182 praetorium
1063 2101 1275 2164 uirum
1338 2099 1560 2162 crebro
1622 2100 1851 2183 capitis
1912 2103 2092 2162 motu
2156 2103 2493 2163 nutantem
2556 2099 2679 2162 sibi
2736 2119 2914 2182 prae-
2945 2123 2993 2162 ιε

609 2206 847 2288 teriret‚
903 2227 1019 2270 nec
1073 2205 1307 2268 licendi
1353 2206 1547 2269 finem
1593 2206 1857 2288 factum,
1912 2208 2124 2288 quoad
2171 2205 2473 2270 tredecim
2522 2205 2911 2290 gladiatores

501 2306 597 2370 39
615 2313 979 2376 sestertium
1015 2312 1325 2396 nonagies
1366 2312 1689 2396 ignoranti
1728 2312 2190 2377 addicerentur.
2273 2315 2343 2377 in
2382 2310 2591 2375 Gallia
2636 2333 2911 2395 quoque,

611 2439 755 2482 cum
805 2419 1246 2481 damnatarum
1295 2439 1585 2482 sororum
1638 2425 2013 2483 ornamenta
2058 2424 2123 2482 et
2170 2418 2635 2502 supellectilem
2675 2422 2740 2481 et
2786 2441 2911 2482 ser-

608 2545 726 2588 uos
781 2530 973 2607 atque
1030 2525 1224 2589 etiam
1280 2524 1546 2588 libertos
1603 2526 1931 2590 immensis
1988 2526 2212 2608 pretiis
2268 2524 2691 2606 uendidisset,
2748 2525 2911 2588 inui-

607 2634 782 2694 tatus
828 2632 1006 2695 lucro
1018 2682 1036 2715 ,
1093 2632 1405 2714 quidquid
1453 2633 1864 2696 instrumenti
1911 2633 2145 2696 ueteris
2203 2633 2385 2696 aulae
2440 2635 2578 2695 erat
2624 2631 2704 2694 ab
2752 2632 2910 2694 urbe
2942 2657 2993 2694 so

609 2739 882 2820 repetiit,
931 2731 1326 2822 comprensis
1381 2739 1461 2800 ad
1517 2739 1983 2821 deportandum
2030 2740 2381 2803 meritoriis
2430 2759 2687 2822 quoque
2734 2737 2910 2802 uehi-

611 2845 773 2909 culis
839 2851 902 2908 et
966 2845 1465 2929 pistrinensibus
1533 2846 1861 2928 iumentis,
1927 2846 2081 2909 adeo
2149 2850 2223 2908 ut
2288 2851 2351 2909 et
2414 2846 2601 2928 panis
2664 2843 2909 2908 Romae

609 2975 796 3036 saepe
859 2953 1156 3016 deficeret
1215 2957 1281 3015 et
1337 2952 1742 3036 litigatorum
1808 2951 2118 3036 plerique,
2180 2953 2351 3036 quod
2412 2973 2743 3015 occurrere
2803 2951 2909 3014 ab—

533 3071 566 3115 2
607 3065 818 3123 sentes
875 3059 956 3122 ad
1011 3059 1450 3122 uadimonium
1507 3080 1638 3123 non
1685 3063 1975 3141 possent,
2032 3081 2223 3122 causa
2269 3059 2580 3123 caderent.
2664 3059 2770 3121 cui
2816 3059 2908 3120 in-

607 3170 968 3230 strumento
1016 3165 1429 3229 distrahendo
1475 3165 1643 3228 nihil
1686 3186 1818 3229 non
1856 3165 2099 3228 fraudis
2138 3187 2213 3230 ac
2250 3166 2556 3230 lenocinii
2592 3163 2907 3247 adhibuit,
2938 3188 2989 3226 25

605 3274 796 3337 modo
845 3273 1154 3336 auaritiae
1211 3270 1500 3356 singulos
1559 3273 1895 3355 increpans
1951 3276 2014 3335 et
2070 3273 2242 3354 quod
2296 3294 2426 3336 non
2485 3270 2752 3355 puderet
2799 3293 2905 3335 eos

607 3379 1057 3462 locupletiores
1106 3401 1242 3441 esse
1291 3401 1481 3461 quam
1523 3400 1607 3460 se,
1656 3379 1845 3442 modo
1886 3379 2346 3462 paenitentiam
2385 3379 2695 3442 simulans
2734 3379 2907 3460 quod

607 3485 1058 3568 principalium
1146 3507 1360 3548 rerum
1448 3486 1723 3568 priuatis
1799 3486 2045 3568 copiam
2139 3487 2389 3548 faceret.
2506 3489 2907 3568 compererat

605 3591 1068 3674 prouincialem
1124 3591 1509 3674 locupletem
1566 3592 1839 3655 ducenta
1895 3593 2189 3655 sestertia
2232 3613 2599 3656 numerasse
2646 3595 2903 3656 uocato-

604 3698 808 3778 ribus,
875 3702 946 3760 ut
991 3718 1108 3780 per
1166 3697 1488 3761 fallaciam
1547 3699 1845 3762 conuiuio
1905 3699 2445 3781 interponeretur,
2504 3719 2623 3761 nec
2668 3699 2903 3762 tulerat
2935 3722 2989 3759 ao

752 3933 777 3979 1
819 3927 1051 3979 heredes
1097 3929 1144 3977 Y
1286 3933 1316 3978 5
1357 3925 1394 3996 <
1401 3926 1500 3996 et>
1533 3925 1788 3978 confecto
1822 3927 2056 3995 Madvig]
2203 3933 2231 3978 7
2272 3943 2421 3980 uana
2448 3929 2497 3978 Τ
2638 3930 2669 3977 8
2710 3941 2906 3993 exper-

600 4007 829 4076 gefacta
867 4009 915 4075 e]
960 4005 1351 4077 expergefacte
1381 4009 1623 4073 (experr-
1650 4007 1710 4074 Q,
1749 4006 1922 4059 -fac-te
1954 4009 2087 4074 ΠΤ)
2112 4009 2185 4060 M
2188 4007 2425 4076 HQP'T
2459 4007 2607 4074 (inde
2644 4005 2905 4058 cesoniae

607 4087 886 4156 IIQP2T'),
927 4085 1320 4155 expergefacta
1353 4086 1527 4139 LP¹S
1671 4091 1733 4138 11
1774 4086 2071 4140 intendens
2103 4088 2167 4139 N
2191 4087 2466 4156 (Bladve'y)
2616 4091 2680 4138 16
2718 4102 2791 4138 ne
2821 4085 2905 4138 di—

603 4169 766 4220 cendi
799 4167 1032 4232 P¹H²R‚
1070 4183 1173 4219 nec
1211 4166 1436 4219 dicendi
1469 4165 1718 4234 H¹X<P²7
1883 4167 2107 4234 qu0*ad
2140 4169 2224 4232 M,
2264 4166 2417 4234 quod
2454 4165 2527 4219 ad
2557 4167 2629 4231 R,
2667 4167 2819 4234 quod
2848 4167 2903 4220 G

607 4254 668 4300 17
703 4249 958 4301 sestertio
991 4247 1217 4301 Ernesti
1237 4249 1325 4312 (cf.
1346 4247 1421 4299 ad
1450 4247 1557 4298 Iul.
1582 4250 1655 4299 50
1674 4264 1734 4314 p.
1756 4251 1846 4311 26,
1865 4250 1958 4315 24)
2107 4252 2171 4299 18
2204 4247 2597 4300 damnatorum
2627 4246 2901 4299 sociorum

605 4330 764 4392 (Μελ,
803 4329 1196 4380 damnatorum
1236 4326 1531 4397 [sororum]
1565 4328 1757 4379 Burm.
1911 4333 1973 4380 19
2012 4325 2245 4379 libertos
2284 4343 2317 4384 ς
2357 4327 2724 4395 (Beroaldus),
2760 4327 2903 4380 libe·-

599 4409 711 4460 rios
747 4411 838 4467 M,
887 4408 1090 4460 liberos
1121 4408 1212 4460 rel.
1245 4407 1430 4475 (ond.)
1543 4412 1608 4458 23
1650 4422 1817 4474 saepe
1856 4413 1955 4459 nuc
1990 4407 2090 4460 del.
2123 4413 2221 4460 aut
2260 4408 2585 4460 mutandum
2622 4409 2679 4458 in
2722 4423 2904 4475 paene.

593 4496 760 4556 putat
799 4488 1083 4542 &Bm-ker
1253 4492 1321 4538 24
1361 4485 1757 4538 uademonium
1792 4488 1859 4539 M
1870 4486 1885 4516 ¹
2060 4491 2123 4537 26
2174 4485 2377 4552 ecquid
2415 4487 2653 4555 puderet
2690 4488 2778 4540 uel
2814 4503 2898 4540 ec-

599 4569 870 4635 quidnam
903 4569 1132 4636 Bentley
