3259 5209
1008 472 1227 527 mvvs
1263 470 1644 527 AVGVS'I'VS
1680 482 1813 531 [cu.
1842 482 2018 532 θεν-ετ]
2575 468 2660 535 73

364 638 561 701 etiam
618 634 1071 700 excusantibus
1130 635 1383 721 insigne
1434 634 1638 699 uestis
1696 639 1762 698 et
1819 632 2150 718 spectandi
2209 633 2274 697 in
2337 632 2662 698 orchestra.

366 741 799 828 epulandique
849 740 1109 827 publice
1162 742 1281 806 ius.
1372 762 1501 823 quo
1548 745 1764 805 autem
1819 740 1970 804 lecti
2025 739 2411 829 probatique
2456 744 2522 803 et
2567 738 2660 803 r'e-
2699 763 2731 811 3

364 848 663 935 ligiosius
724 852 789 913 et
854 850 1103 913 minore
1160 847 1458 912 molestia
1519 848 1840 911 senatoria
1899 868 2166 911 munera
2221 848 2662 933 fungerentur,

368 958 610 1039 sanxit,
663 958 738 1019 ut
780 956 963 1041 prius
1008 976 1202 1039 quam
1258 955 1616 1019 consideret
1663 952 1938 1038 quisque
1983 960 2126 1018 ture
2173 974 2248 1019 ac
2291 975 2470 1017 mero
2515 975 2662 1037 sup-
2736 1003 2744 1011 .

312 1087 339 1127 ⁶
370 1063 643 1147 plicaret
686 1062 857 1147 apud
911 1085 1088 1127 aram
1144 1063 1281 1126 eius
1326 1061 1446 1145 dei,
1493 1062 1561 1125 in
1608 1062 1790 1125 cuius
1837 1061 2080 1145 templo
2127 1061 2426 1143 coiretur,
2472 1066 2538 1125 et
2582 1082 2662 1125 ne

368 1171 517 1254 plus
574 1191 769 1252 quam
826 1168 929 1233 bis
982 1170 1050 1233 in
1096 1190 1311 1233 mense
1364 1166 1697 1253 legitimus
1747 1172 2006 1231 senatus
2049 1172 2374 1254 ageretur,
2431 1165 2662 1232 Kalen-

370 1277 469 1341 dis
514 1279 579 1340 et
622 1273 871 1360 Idibus,
926 1296 1089 1339 neue
1142 1274 1510 1359 Septembri
1556 1272 1905 1339 Octobriue
1960 1296 2176 1339 mense
2231 1274 2398 1339 ullos
2443 1275 2664 1339 adesse

368 1383 531 1449 alios
576 1404 833 1448 necesse
878 1388 1045 1446 esset
1092 1404 1287 1465 quam
1332 1386 1507 1445 sorte
1554 1382 1796 1465 ductoS,
1841 1402 1956 1465 per
2003 1401 2278 1465 quorum
2323 1402 2662 1445 numerum

368 1490 625 1554 decreta
678 1490 904 1554 confici
962 1493 1255 1574 possent3
1318 1488 1573 1572 sibique
1632 1489 1920 1553 instituit
1977 1489 2246 1553 consilia
2305 1488 2524 1553 sortiri
2569 1510 2662 1555 se-

286 1620 341 1659 ιο
370 1597 705 1680 menstria,
767 1616 913 1660 cum
978 1595 1213 1679 quibus
1278 1593 1354 1658 de
1416 1595 1697 1680 negotiis
1760 1594 1839 1659 ad
1901 1596 2308 1679 frequentem
2369 1600 2662 1660 senatum

368 1703 719 1767 referendis
776 1707 923 1766 ante
978 1703 1299 1766 tractaret.
1384 1701 1736 1765 sententias
1792 1702 1869 1765 de
1923 1701 2166 1767 maiore
2220 1704 2485 1788 negotio
2529 1724 2663 1770 non
2700 1726 2734 1773 4

371 1830 555 1875 more
596 1813 789 1892 atque
836 1806 1065 1874 ordine
1106 1808 1218 1871 sed
1263 1812 1461 1891 prout
1502 1806 1804 1872 libuisset
1839 1808 2243 1893 perrogabat,
2290 1813 2363 1873 ut
2398 1810 2663 1893 perinde

370 1916 645 2000 quisque
690 1916 978 1979 animum
1024 1914 1383 1979 intenderet
1429 1936 1505 1979 ac
1550 1915 1606 1979 si
1654 1915 2040 1979 censendum
2081 1916 2290 2001 magis
2328 1938 2520 2000 quam
2559 1916 2662 1981 ad-

372 2021 779 2087 sentiendum
824 2027 1009 2087 esset.

288 2150 344 2192 15
550 2124 799 2193 Auctor
854 2134 919 2193 et
972 2128 1243 2193 aliarum
1288 2150 1503 2193 rerum
1548 2128 1702 2209 fuit,
1749 2130 1820 2192 in
1864 2129 2036 2213 quis:
2089 2150 2171 2193 ne
2215 2133 2359 2194 acta
2405 2135 2664 2194 senatus
2677 2130 2771 2198 36

372 2235 875 2320 publicarentur,
916 2258 999 2299 ne
1044 2236 1463 2321 magistratus
1510 2235 1806 2319 deposito
1851 2235 2100 2301 honore
2135 2237 2357 2300 statim
2405 2237 2476 2300 in
2518 2230 2665 2321 pro*

374 2343 619 2406 uincias
656 2340 1085 2425 mitterentur,
1122 2346 1196 2406 ut
1232 2342 1728 2426 proconsulibus
1765 2342 1846 2406 ad
1883 2341 2094 2407 mulos
2133 2348 2198 2406 et
2235 2344 2665 2430 tabernacula,

376 2470 537 2531 quae
581 2448 837 2533 publice
882 2448 1083 2513 locari
1122 2449 1431 2532 solebant,
1477 2452 1654 2513 certa
1703 2450 1974 2533 pecunia
2019 2450 2546 2533 constitueretur,
2593 2455 2666 2515 ut

376 2576 531 2620 cura
574 2556 779 2619 aerari
826 2578 863 2619 a
913 2555 1365 2639 quaestoribus
1412 2555 1676 2619 urbanis
1723 2555 1804 2619 ad
1847 2556 2208 2640 praetorios
2252 2561 2665 2641 praetoresue

292 2684 347 2724 ιο
374 2662 697 2746 transiret,
740 2666 817 2726 ut
872 2661 1397 2726 centumuiralem
1453 2660 1708 2726 hastam
1758 2684 1950 2745 quam
2002 2667 2414 2745 quaesturam
2459 2664 2664 2729 functi

378 2773 761 2834 consuerant
806 2790 1033 2855 cogere
1073 2768 1417 2833 decemuiri
1454 2772 1775 2855 cogerent.
1859 2789 2118 2852 quoque
2153 2769 2371 2854 plures
2417 2770 2772 2854 partem37

376 2874 916 2940 administrandae
971 2876 1063 2940 rei
1114 2899 1172 2961 p.
1220 2881 1549 2960 caperent,
1604 2897 1776 2940 noua
1825 2875 2042 2940 officia
2087 2877 2508 2960 excogitauit:
2565 2894 2668 2942 cu‘-

376 3003 515 3044 ram
561 3004 829 3066 operum
865 2982 1292 3067 publicorum,
1338 2983 1611 3065 uiarum,
1658 3004 1989 3067 aquarum,
2027 2982 2193 3046 aluei
2229 2982 2500 3067 Tiberis,
2537 2985 2668 3049 fru-

377 3090 578 3151 menti
640 3088 883 3173 populo
950 3089 1311 3172 diuidundi,
1384 3090 1851 3173 praefecturam
1916 3089 2122 3171 urbis,
2187 3091 2670 3157 triumuiratum

292 3217 349 3257 ιε
374 3192 632 3279 legendi
692 3200 951 3260 senatus
1021 3202 1086 3261 et
1145 3195 1419 3260 alterum
1488 3196 1988 3281 recognoscendi
2055 3199 2300 3260 turmas
2361 3200 2669 3284 equitum,

379 3300 809 3384 quotiensque
866 3324 1028 3387 opus
1084 3306 1267 3367 esset.
1352 3324 1648 3366 censores
1694 3301 1894 3366 creari
1950 3302 2190 3366 desitos
2236 3303 2432 3389 longo
2479 3305 2672 3371 inter-

376 3406 553 3469 uallo
607 3410 866 3473 creauit.
954 3431 1292 3473 numerum
1347 3413 1718 3494 praetorum
1774 3411 1972 3473 auxit.
2055 3412 2268 3495 exegit
2321 3412 2546 3493 etiam,
2597 3419 2672 3478 ut

382 3513 681 3595 quotiens
736 3516 1107 3581 consulatus
1162 3516 1285 3580 sibi
1332 3515 1616 3595 daretur,
1671 3515 1862 3580 binos
1907 3538 2025 3600 pro
2072 3517 2344 3603 singulis
2392 3518 2670 3606 collegas

765 3660 803 3667 —.

525 3740 593 3787 23
629 3736 699 3803 cf.
741 3736 885 3806 Lyd.
916 3738 981 3791 de
1017 3754 1158 3807 may.
1190 3742 1240 3802 1,
1262 3740 1331 3790 34
1370 3738 1533 3805 (Suet.
1573 3737 1667 3790 rel.
1707 3736 1786 3789 ed.
1827 3735 1993 3821 Rsiff.
2030 3738 2138 3807 fry.
2165 3740 2298 3807 200)

525 3966 552 4012 1
594 3957 770 4013 etiam
804 3975 905 4012 om.
933 3958 1031 4013 VS
1204 3956 1603 4011 excusantibus
1642 3958 1793 4028 παῖς.
1843 3956 1981 4025 (edd.
2015 3958 2171 4013 Rom.
2205 3960 2332 4015 Vm.
2362 3962 2452 4029 I),
2509 3980 2672 4016 excu-

380 4038 561 4093 santis
584 4039 709 4095 ΜΘ
724 4039 943 4105 VLPS,
972 4041 1303 4091 excusantes
1327 4040 1391 4103 T,
1421 4036 1702 4091 excusatis
1730 4038 1818 4096 Τς
1850 4037 2033 4105 (Grut.
2052 4038 2216 4107 Roth)
2327 4046 2360 4093 4
2389 4042 2550 4096 thure
2571 4047 2628 4095 X
2628 4047 2676 4097 Τ

382 4126 415 4173 6
452 4119 513 4172 in
540 4120 642 4174 del.
663 4120 895 4190 Bentley
1038 4124 1070 4171 9
1109 4121 1442 4171 semenstres
1477 4118 1528 4171 G
1667 4123 1730 4170 12
1771 4116 2050 4188 (uetere)
2079 4136 2232 4172 more
2263 4122 2439 4175 Polak
2546 4129 2674 4191 pro-

380 4200 561 4269 gabat
590 4200 642 4254 G
815 4204 881 4252 16
921 4197 1177 4267 deposito
1218 4216 1249 4257 ς
1288 4197 1427 4267 (edd.
1469 4198 1624 4250 Rom.
1670 4197 1796 4251 Ven.
1828 4198 1916 4263 I),
1965 4197 2239 4269 disposito
2279 4202 2331 4252 Ω
2505 4206 2570 4254 17
2609 4206 2675 4256 ut

380 4296 481 4335 om.
507 4281 582 4335 M
612 4278 1059 4349 (proconsulibus
1102 4275 1177 4331 ad
1212 4278 1395 4331 mulos
1422 4279 1487 4331 in
1514 4294 1621 4331 ras.
1651 4294 1720 4330 m.
1744 4278 1796 4345 1)
1942 4282 2009 4329 20
2049 4283 2352 4345 quaestura
2390 4282 2539 4352 uulq.
2570 4284 2669 4350 (ed.

381 4360 581 4429 Rom),
618 4361 717 4414 hoc
752 4360 865 4415 loco
901 4360 1101 4414 rectius
1138 4360 1355 4427 opinor-
1488 4364 1553 4411 21
1594 4360 2003 4410 consueuerant
2035 4359 2202 4413 VRT
2340 4366 2408 4413 23
2446 4362 2675 4415 uariari‘i

381 4442 467 4510 (im
492 4442 625 4508 ras.)
656 4445 785 4509 post
808 4440 1031 4493 uiarum
1060 4439 1189 4493 add.
1216 4442 1300 4504 M,
1338 4445 1520 4492 tuetwr
1543 4440 1849 4491 Mommsen-
1976 4443 2044 4489 24
2074 4438 2386 4493 diuidundo
2411 4444 2484 4496 M
2516 4445 2676 4511 (sicut

378 4526 547 4576 antea
573 4520 893 4589 frumento),
925 4518 1219 4572 diuidendi
1240 4522 1297 4570 X
1298 4517 1371 4571 ’Τ
1541 4523 1607 4570 26
1647 4516 2146 4585 quotienscumque
2175 4520 2323 4589 πῖαρ.
2355 4523 2456 4589 (ed.
2479 4523 2678 4592 Rom),

380 4601 454 4667 cf.
497 4600 611 4655 Gal.
635 4604 669 4653 7
814 4604 879 4653 27
918 4597 1211 4653 reuocauit
1249 4599 1601 4654 Halbertsma
1863 4628 1870 4633 -
2593 4632 2596 4635 ⁴
