3259 5209
1056 412 1274 469 DIVVS
1312 413 1550 467 IVLIVS
1590 425 1722 475 [car.
1753 426 1930 475 60—75]
2560 415 2642 479 37

344 577 655 661 quosdam
712 578 907 643 etiam
966 577 1173 641 infimi
1227 577 1481 662 generis
1542 577 1623 641 ad
1682 578 2114 662 amplissimos
2170 576 2448 643 honores
2502 600 2647 661 pro-

345 686 549 767 uexit,
596 706 737 749 cum
788 683 873 747 ob
920 683 986 746 id
1033 686 1428 768 culparetur,
1474 684 1802 767 professus
1849 684 2092 769 palam,
2147 684 2209 750 si
2257 688 2648 770 grassato-

348 812 509 855 rum
567 794 640 855 et
698 790 1153 855 sicariorum
1204 812 1344 874 ope
1392 790 1469 854 in
1514 790 1799 855 tuenda
1848 812 1982 855 sua
2031 792 2420 878 dignitate
2465 814 2646 855 usus

345 902 574 979 esset,
622 896 917 961 talibus
966 918 1269 981 quoque
1314 920 1389 961 se
1436 920 1694 981 parem
1740 898 2069 984 gratiam
2115 898 2557 963 relaturum.

288 1028 315 1067 ⁵
525 1002 901 1067 Simultates
946 1008 1173 1069 contra
1214 1003 1428 1069 nullas
1466 1007 1601 1069 tam
1637 1026 1871 1091 graues
1909 1004 2164 1088 excepit
2199 1027 2525 1089 umquam,
2569 1000 2753 1069 ut73

344 1132 477 1174 non
536 1111 869 1175 occasione
930 1110 1151 1175 oblata
1212 1110 1421 1175 libens
1482 1109 1846 1195 deponeret.
1941 1110 2060 1175 Gai
2117 1111 2410 1195 Memmi,
2467 1111 2647 1176 cuius

345 1216 717 1301 asperrimis
792 1216 1200 1281 orationibus
1264 1238 1397 1281 non
1472 1216 1722 1283 minore
1796 1218 2148 1283 acerbitate
2214 1219 2651 1303 rescripserat,

346 1324 543 1387 etiam
608 1324 998 1409 suffragator
1060 1344 1211 1388 mox
1283 1323 1355 1389 in
1416 1324 1732 1408 petitione
1799 1324 2172 1389 consulatus
2229 1325 2373 1391 fuit.
2485 1324 2648 1390 Gaio

346 1428 546 1495 Caluo
594 1434 746 1514 post
799 1431 1047 1495 famosa
1102 1430 1569 1517 epigrammata
1626 1430 1702 1494 de
1759 1432 2278 1497 reconciliatione
2325 1454 2443 1515 per
2495 1431 2650 1495 ami-

264 1562 319 1601 ιο
349 1558 461 1601 cos
500 1535 719 1624 agenti
754 1536 929 1601 ultro
978 1559 1051 1602 ac
1096 1538 1277 1621 prior
1322 1537 1599 1621 scripsit.
1682 1537 2014 1603 Valerium
2054 1536 2398 1623 Catullum,
2445 1562 2482 1603 a
2520 1559 2650 1622 quo

344 1643 473 1708 sibi
526 1642 865 1709 uersiculis
921 1644 998 1707 de
1052 1643 1381 1709 Mamurra
1436 1649 1747 1729 perpetua
1802 1647 2110 1732 stigmata
2167 1647 2474 1729 imposita
2517 1666 2650 1709 non

343 1750 895 1835 dissimulauerat,
980 1751 1139 1817 satis
1211 1750 1553 1815 facientem
1628 1752 1847 1817 eadem
1923 1751 2024 1815 die
2089 1750 2386 1816 adhibuit
2458 1774 2650 1816 cenae

342 1856 757 1942 hospitioque
820 1856 1029 1941 patris
1092 1857 1263 1941 eius,
1338 1858 1504 1922 sicut
1576 1861 1950 1943 consuerat,
2023 1860 2122 1923 uti
2183 1858 2648 1943 perseuerauit.

345 1964 457 2027 sed
520 1969 585 2029 et
648 1964 719 2028 in
780 1963 1147 2029 ulciscendo
1222 1968 1454 2029 natura
1516 1964 1884 2029 lenissimus
1957 1967 2230 2049 piratas,
2303 1989 2342 2031 a
2405 1964 2642 2049 quibus
2657 1964 2748 2029 74

262 2093 315 2135 ιτ,
346 2075 571 2155 captus
618 2076 742 2154 est,
797 2091 943 2136 cum
990 2073 1059 2135 in
1106 2070 1425 2136 dicionem
1471 2070 1848 2158 redegisset,
1908 2072 2213 2154 quoniam
2261 2072 2646 2137 suffixurum

346 2200 415 2242 se
460 2179 631 2241 cruci
686 2180 837 2243 ante
891 2177 1245 2261 iurauerat,
1298 2178 1581 2264 iugulari
1626 2179 1808 2261 prius
1855 2180 2072 2262 iussit,
2130 2177 2356 2243 deinde
2402 2176 2644 2264 suffigi3

346 2282 646 2349 Cornelio
698 2284 1041 2371 Phagitae,
1104 2286 1289 2351 cuius
1346 2285 1670 2369 quondam
1725 2290 2075 2349 nocturnas
2131 2284 2401 2349 insidias
2457 2306 2648 2370 aeger

345 2413 418 2455 ac
463 2391 691 2475 latens,
734 2412 817 2457 ne
862 2391 1317 2476 perduceretur
1362 2390 1443 2455 ad
1488 2389 1764 2475 Sullam,
1811 2394 1923 2455 uix
1969 2391 2256 2475 praemio
2304 2392 2456 2456 dato
2503 2414 2646 2457 eua-

346 2502 547 2583 serat,
598 2516 951 2583 numquam
1006 2520 1236 2562 nocere
1292 2498 1627 2583 sustinuit3
1689 2496 2127 2563 Philemonem
2184 2521 2221 2562 a
2277 2520 2474 2563 manu
2521 2520 2644 2562 ser-

263 2627 317 2666 20
344 2628 522 2688 uum,
567 2606 679 2690 qui
724 2628 945 2671 necem
992 2628 1175 2670 suam
1220 2627 1337 2689 per
1382 2627 1701 2671 uenenum
1747 2604 2025 2670 inimicis
2067 2606 2470 2689 promiserat,
2516 2627 2647 2670 non

344 2711 611 2799 grauius
675 2734 865 2796 quam
932 2711 1209 2796 simplici
1272 2716 1481 2776 morte
1544 2712 1782 2796 puniit3
1849 2713 1918 2775 in
1976 2711 2286 2777 Publium
2353 2711 2647 2777 Clodium
2689 2728 2722 2775 2

344 2818 693 2901 Pompeiae
736 2819 957 2883 uxoris
1006 2840 1157 2883 suae
1204 2819 1569 2882 adulterum
1606 2824 1802 2901 atque
1839 2819 2056 2883 eadem
2097 2818 2174 2881 de
2213 2840 2405 2883 causa
2441 2819 2648 2900 pollu-

348 2930 559 2988 tarum
607 2925 1137 2990 caerimoniarum
1178 2947 1357 2989 reum
1397 2926 1583 2989 testis
1622 2925 1854 2989 citatus
1896 2925 2164 3010 negauit
2199 2947 2266 2987 se
2304 2926 2648 3008 quicquam

347 3032 764 3115 comperisse,
823 3033 1118 3115 quamuis
1183 3036 1248 3095 et
1308 3035 1511 3095 mater
1564 3031 1831 3095 Aurelia
1885 3035 1950 3095 et
2006 3052 2191 3095 soror
2249 3028 2416 3094 Iulia
2475 3030 2645 3113 apud

270 3160 320 3199 ιε
350 3137 605 3201 eosdem
650 3136 895 3203 iudices
942 3138 1159 3203 omnia
1204 3161 1284 3201 ex
1328 3138 1455 3202 fide
1501 3137 2015 3219 re<t>tulissent3
2073 3138 2650 3223 interrogatusque,

350 3266 464 3309 cur
508 3244 711 3330 igitur
752 3245 1154 3328 repudiasset
1191 3267 1481 3309 uxorem:
1531 3244 1913 3327 quoniam,
1960 3244 2189 3328 inquit,
2237 3264 2440 3309 meos
2487 3247 2636 3307 tam

350 3352 795 3435 suspicione
842 3374 1061 3436 quam
1110 3352 1429 3415 crimine
1477 3351 1734 3415 iudico
1775 3372 2034 3415 carere
2071 3356 2444 3435 oportere.
2510 3350 2746 3414 mo-75

351 3458 747 3523 derationem
802 3480 957 3523 uero
1015 3459 1547 3541 clementiamque
1594 3480 1740 3521 cum
1797 3458 1866 3521 in
1911 3457 2468 3523 administratione
2515 3460 2652 3520 tum

352 3566 419 3629 in
482 3564 759 3629 uictoria
820 3564 976 3628 belli
1042 3564 1253 3629 ciuilis
1320 3564 1766 3628 admirabilem
1833 3563 2143 3628 exhibuit.
2236 3564 2654 3628 denuntiante

498 3746 565 3792 29
606 3740 867 3809 Polyaen.
910 3740 1065 3792 VIII
1085 3744 1272 3804 23,27
1320 3744 1540 3805 Καῖσαρ
1580 3738 1884 3807 Πομπηΐου
1923 3740 2266 3807 κηρύξαντος
2305 3738 2520 3808 ἔχθραν
2559 3738 2654 3791 καὶ

352 3828 471 3882 τοῖς
526 3821 807 3891 μηδετέρῳ
858 3818 1322 3888 προστιθεμένοις
1371 3818 1708 3885 ἀπεκήρυξε
1769 3820 1866 3871 καὶ
1919 3818 2118 3887 φίλους
2163 3818 2473 3887 ἡγήσεσθαι
2522 3815 2648 3870 κατ’

356 3900 478 3954 ἴσον
516 3909 634 3963 τοῖς
672 3898 849 3970 ἑαυτῷ
888 3898 1323 3968 συμμαχήσασαν.

496 4068 527 4113 2
568 4062 655 4115 est
673 4068 803 4129 post
828 4058 1111 4129 professus
1141 4060 1269 4114 add.
1311 4060 1638 4113 TP²0²TN
1662 4060 1873 4129 (nul-q&
1893 4067 2018 4127 post
2049 4059 2236 4126 palam
2271 4059 2320 4111 G
2468 4064 2498 4109 5
2529 4058 2650 4109 nul-

352 4141 437 4195 los
470 4141 718 4195 GXTN
856 4156 1143 4207 nunqua-m
1181 4144 1239 4207 (n
1272 4142 1432 4207 prior
1468 4144 1558 4203 ss.)
1584 4142 1635 4190 G
1675 4145 1978 4206 (atunquam
2015 4158 2068 4207 9»
2220 4146 2280 4191 11
2324 4138 2432 4189 sibi
2472 4155 2569 4189 om.
2608 4139 2656 4188 V

356 4226 421 4275 13
460 4221 541 4275 sic
574 4222 625 4273 G
770 4224 1067 4275 consuerat
1104 4224 1413 4288 (-sueuerat
1446 4220 1555 4273 ΡΟ
1574 4222 1642 4285 Τ)
1668 4219 1760 4279 Χ’,
1799 4224 2120 4287 perseuerat
2155 4220 2322 4281 Jl¹(r'‚
2361 4222 2652 4285 persuerat

360 4301 471 4367 31²,
509 4304 874 4369 persueuerat
900 4300 1036 4369 QR,
1076 4303 1535 4368 perseuerauerint
1560 4302 1632 4364 Π,
1673 4301 1827 4367 prius
1868 4302 2128 4352 sueucrat
2151 4298 2378 4365 Bentley
2499 4304 2564 4349 14
2595 4300 2652 4349 et

354 4398 439 4435 om
470 4381 629 4435 M¹G
801 4386 865 4434 15
906 4381 1126 4433 dicione
1152 4382 1246 4444 Μ,
1295 4380 1643 4433 deditionem
1677 4380 1798 4431 (ι’-ΙΙ
1815 4379 1860 4431 R
2027 4385 2091 4430 18
2124 4396 2273 4431 ne—
2295 4376 2510 4428 Sullam
2549 4377 2648 4429 del.

354 4462 530 4516 Pozak
696 4468 759 4514 10
809 4478 1033 4514 seruum
1079 4462 1179 4514 del.
1228 4462 1377 4515 Torr.
1418 4462 1483 4513 al.
1657 4466 1723 4511 :23
1763 4459 2128 4511 testificatum
2170 4458 2219 4511 G
2393 4462 2458 4508 2ss
2501 4472 2654 4508 meos

354 4558 453 4595 om.
500 4542 548 4593 V
686 4547 754 4595 ‘28
794 4542 943 4610 cum]
984 4544 1101 4593 tum
1138 4542 1334 4608 IPQS
1354 4540 1470 4593 TN
