3259 5209
612 447 699 511 56
1314 446 1368 500 C.
1410 446 1725 501 SVETOM
1761 446 2206 511 TRANQVILLI

542 625 573 673 3
790 608 1053 673 Partitis
1109 614 1259 694 post
1312 609 1654 673 uictoriam
1710 609 1942 675 officiis
1999 632 2142 675 cum
2200 609 2525 675 Antonius
2581 608 2928 674 Orientem

614 716 1059 797 ordinandum,
1108 718 1244 801 ipse
1290 721 1628 782 ueteranos
1676 716 1746 779 in
1789 714 2040 781 Italiam
2092 716 2488 782 reducendos
2533 721 2599 780 et
2641 717 2926 781 munici-

610 822 869 907 palibus
923 825 1097 909 agris
1154 824 1557 888 collocandos
1612 824 1984 907 recepisset,
2043 842 2250 907 neque
2305 828 2754 887 ueteranorum
2804 845 2924 886 ne-

614 952 739 1013 que
784 951 1227 1014 possessorum
1273 932 1549 1016 gratiam
1597 932 1833 1014 tenuit,
1889 931 2107 995 alteris
2155 930 2310 1015 pelli
2359 952 2450 1014 se,
2513 929 2730 993 alteris
2777 951 2922 993 non

506 1034 596 1101 14
618 1060 733 1121 pro
782 1058 895 1121 spe
942 1036 1319 1101 meritorum
1364 1036 1627 1101 tractari
1676 1036 2106 1119 querentibus.
2180 1058 2308 1120 quo
2347 1041 2635 1120 tempore
2683 1036 2751 1100 L.
2781 1035 2922 1099 An-
2987 1062 3016 1101 5

610 1144 865 1208 tonium
911 1144 1147 1208 fiducia
1192 1145 1582 1226 consula-tus,
1630 1165 1820 1226 quem
1867 1143 2158 1229 gerebat,
2205 1164 2278 1207 ac
2321 1144 2641 1208 fraternae
2685 1148 2918 1226 poten-

611 1251 739 1315 tiae
792 1272 894 1314 res
950 1272 1150 1314 nouas
1210 1251 1583 1315 molientem
1645 1251 1990 1336 confugere
2047 1249 2376 1314 Perusiam
2438 1251 2653 1335 coegit
2711 1254 2776 1313 et
2831 1250 2919 1312 ad

612 1357 1002 1421 deditionem
1066 1358 1234 1421 fame
1298 1358 1621 1441 conpulit,
1683 1378 1816 1421 non
1879 1362 2096 1421 tamen
2151 1358 2288 1421 sine
2343 1356 2594 1442 magnis
2655 1356 2790 1419 suis
2849 1362 2918 1419 et

612 1468 757 1527 ante
806 1463 1045 1527 bellum
1104 1468 1169 1527 et
1223 1464 1291 1527 in
1338 1464 1508 1528 bello
1566 1464 2058 1528 discriminibus,
2140 1485 2292 1528 nam
2348 1484 2494 1527 cum
2543 1462 2915 1547 spectaculo

609 1571 909 1635 ludorum
968 1571 1332 1656 gregarium
1391 1570 1666 1635 militem
1731 1570 1801 1633 in
1855 1570 2366 1653 quattuordecim
2425 1570 2760 1634 ordinibus
2817 1590 2914 1633 se-
2947 1594 3008 1633 ιο

612 1676 867 1740 dentem
934 1676 1199 1741 excitari
1264 1696 1379 1759 per
1442 1676 1876 1759 apparitorem
1943 1677 2260 1758 iussisset,
2334 1698 2590 1741 rumore
2655 1676 2734 1740 ab
2800 1676 2915 1739 ob-

610 1783 1065 1849 trectatoribus
1113 1783 1312 1846 dilato
1361 1782 1544 1865 quasi
1592 1784 1862 1846 eundem
1911 1804 2062 1845 mox
2101 1786 2164 1845 et
2203 1783 2653 1847 discruciatum
2694 1804 2915 1847 necas-

612 1896 728 1973 set,
793 1890 1131 1953 minimum
1198 1890 1361 1953 afuit
1428 1890 1585 1973 quin
1649 1890 1887 1974 periret
1953 1910 2263 1953 concursu
2338 1895 2400 1954 et
2467 1890 2914 1973 indignatione

609 1996 839 2060 turbae
886 1995 1197 2060 militaris.
1284 1994 1474 2059 saluti
1524 1995 1676 2078 fuit,
1732 1996 1904 2079 quod
1953 1998 2066 2079 qui
2126 1996 2603 2060 desiderabatur
2647 2000 2912 2079 repente

612 2103 975 2187 comparuit
1022 2101 1363 2165 incolumis
1420 2123 1491 2165 ac
1540 2102 1677 2166 sine
1724 2103 1974 2166 iniuria.
2059 2102 2228 2166 circa
2264 2102 2647 2166 Perusinum
2693 2107 2910 2166 autem
2945 2126 3002 2166 ιτ»

612 2230 863 2271 murum
917 2209 1279 2272 sacrificans
1326 2230 1527 2291 paene
1575 2209 1965 2292 interceptus
2012 2213 2109 2272 est
2155 2232 2193 2273 a
2229 2232 2420 2273 manu
2457 2210 2912 2295 gladiatorum,

506 2312 593 2378 15
613 2337 787 2397 quae
814 2315 1053 2398 oppido
1094 2320 1404 2399 eruperat.
1478 2315 1744 2379 Perusia
1783 2320 1968 2399 capta
1997 2317 2063 2379 in
2091 2316 2406 2399 plurimos
2434 2315 2911 2399 animaduertit,

613 2442 793 2484 orare
840 2422 1091 2484 ueniam
1141 2423 1248 2485 uel
1296 2443 1595 2485 excusare
1645 2445 1710 2486 se
1760 2422 2142 2487 conantibus
2189 2445 2319 2486 una
2365 2444 2521 2487 uoce
2567 2442 2909 2485 occurrens

612 2528 1085 2591 moriendum
1135 2549 1316 2592 esse.
1414 2528 1708 2593 scribunt
1763 2529 2022 2612 quidam
2077 2534 2399 2593 trecentos
2457 2550 2535 2591 ex
2590 2527 2909 2592 dediticiis

612 2635 851 2699 electos
898 2634 1237 2717 utriusque
1293 2635 1534 2699 ordinis
1583 2635 1663 2698 ad
1721 2658 1896 2699 aram
1943 2634 2114 2699 Diuo
2163 2634 2329 2699 Iulio
2377 2639 2736 2699 extructam
2784 2632 2908 2698 Idi-
2941 2656 3001 2697 20

613 2740 731 2804 bus
793 2741 1047 2805 Martiis
1112 2740 1467 2806 hostiarum
1528 2763 1704 2806 more
1771 2746 2100 2806 mactatos,
2193 2743 2542 2806 extiterunt
2608 2741 2718 2825 qui
2783 2747 2910 2805 tra-

613 2847 834 2912 derent
880 2848 1282 2933 con[s]pecto
1331 2871 1473 2911 eum
1524 2848 1603 2911 ad
1652 2871 1830 2913 arma
1874 2848 2016 2930 isse,
2061 2854 2135 2912 ut
2173 2850 2410 2913 occulti
2449 2847 2798 2913 aduersarii
2845 2853 2910 2912 et

613 2976 775 3037 quos
822 2961 1031 3019 metus
1078 2955 1287 3040 magis
1326 2978 1517 3038 quam
1555 2955 1857 3019 uoluntas
1897 2957 2270 3037 contineret,
2318 2955 2624 3019 facultate
2672 2954 2740 3017 L.
2782 2953 2911 3018 An-

611 3062 750 3125 toni
798 3062 976 3125 ducis
1023 3062 1330 3145 praebita,
1380 3062 1831 3147 detegerentur
1878 3060 2274 3145 deuictisque
2331 3062 2385 3125 is
2433 3066 2496 3125 et
2543 3061 2910 3126 confiscatis

610 3168 925 3251 promissa
970 3170 1289 3231 ueteranis
1336 3169 1621 3251 praemia
1667 3169 2084 3232 soluerentur.
2939 3189 2998 3229 25

505 3271 593 3337 16
790 3272 1075 3337 Siculum
1123 3274 1365 3338 bellum
1414 3273 1743 3338 incohauit
1780 3276 1846 3337 in
1885 3275 2136 3358 primiS,
2184 3274 2292 3339 sed
2332 3274 2443 3338 diu
2480 3275 2680 3338 traxit
2717 3274 2911 3338 inter-

609 3379 876 3443 missum
944 3381 1222 3464 saepius,
1294 3380 1486 3445 modo
1549 3382 2048 3464 reparandarum
2112 3382 2412 3445 classium
2475 3402 2690 3465 causa,
2751 3402 2911 3464 quas

610 3487 1102 3569 tempestatibus
1151 3486 1390 3570 duplici
1438 3487 1776 3571 naufragio
1826 3493 1889 3551 et
1937 3488 2194 3571 quidem
2242 3509 2354 3570 per
2401 3492 2704 3552 aestatem
2754 3488 2910 3551 ami-

610 3598 798 3673 serat,
846 3595 1037 3658 modo
1086 3615 1241 3677 pace
1286 3594 1473 3676 facta,
1520 3594 1851 3680 flagitante
1897 3595 2140 3678 populo
2191 3593 2272 3657 ob
2321 3595 2702 3659 interclusos
2741 3614 2910 3657 com-

757 3820 784 3865 1
826 3814 894 3879 ef.
936 3814 1170 3880 Eutrop.
1214 3814 1338 3866 VII
1366 3818 1426 3879 3,
1457 3818 1491 3866 3
1548 3813 1627 3866 sic
1683 3813 1830 3866 inter
1885 3830 1978 3866 eos
2028 3813 2213 3866 diuisa
2268 3816 2354 3867 est
2398 3831 2486 3867 res
2532 3813 2787 3883 publica,
2844 3817 2910 3867 ut

612 3894 900 3962 Augustus
938 3893 1241 3961 Hispanias
1281 3891 1494 3946 Gallias
1537 3892 1760 3945 Italiam
1808 3895 2048 3959 teneret,
2098 3894 2374 3947 Antonius
2427 3894 2620 3947 Asiam
2667 3894 2910 3947 Pontum

616 3970 914 4026 Orientem.
1063 3978 1095 4024 5
1134 3972 1305 4025 Schol.
1338 3973 1551 4025 Lucan.
1585 3976 1616 4025 1
1647 3979 1712 4027 41
1755 3974 2060 4026 Antonium
2099 3974 2360 4026 Perusiae
2400 3973 2625 4026 obsedit
2663 3976 2721 4027 et
2758 3973 2910 4027 fame

614 4052 888 4120 compulit
924 4052 998 4104 ad
1036 4051 1393 4105 deditionem.

755 4256 785 4302 5
833 4249 1107 4301 meritone
1165 4249 1396 4319 Bentley
1554 4253 1619 4300 10
1667 4247 1908 4301 militem
1963 4250 2167 4303 orm-G
2323 4254 2387 4302 12
2445 4248 2636 4303 delato
2685 4249 2918 4303 GPST

615 4334 677 4381 17
720 4328 1051 4396 erumpebat
1086 4330 1132 4381 Τ
1273 4334 1337 4380 21
1370 4329 1564 4381 martis
1599 4328 1737 4397 GQs
1875 4345 2028 4381 more
2057 4329 2446 4382 remactandos
2480 4330 2531 4383 G
2671 4335 2738 4381 22
2777 4344 2910 4382 con-

613 4412 804 4476 specto
844 4412 951 4477 (-tu
995 4409 1059 4478 Q)
1099 4411 1177 4473 Ω,
1224 4407 1316 4460 uel
1356 4408 1607 4461 consulto
1646 4426 1714 4463 ss.
1754 4407 1832 4462 P*
1871 4412 2015 4475 (item
2061 4410 2123 4462 in
2161 4411 2273 4463 eod.
2314 4410 2722 4479 Dunelmerwi),
2769 4426 2908 4463 corr.

613 4490 843 4556 Lv'pffl'us
988 4494 1055 4541 24
1094 4489 1141 4541 is
1165 4488 1319 4554 MS²,
1357 4488 1427 4540 iis
1458 4488 1583 4553 VL,
1621 4488 1709 4540 his
1741 4488 1871 4555 (hiis
1903 4490 1950 4541 T
1956 4505 1970 4552 J
2011 4490 2100 4541 rel.
2133 4496 2180 4542 et
2211 4488 2276 4543 S’
2419 4493 2487 4541 25
2525 4488 2912 4557 per-solueren-

612 4572 704 4620 tur
739 4586 871 4636 pars
908 4570 1025 4622 edd.
1067 4570 1253 4637 (Roth)
1291 4585 1408 4621 cum
1450 4569 1528 4622 ed.
1572 4569 1726 4622 Rom.
1762 4586 1848 4635 pr.
1891 4570 1967 4622 ΙΙ
