<?xml version="1.0" encoding="UTF-8"?>
<!DOCTYPE html PUBLIC "-//W3C//DTD XHTML 1.0 Transitional//EN"
    "http://www.w3.org/TR/xhtml1/DTD/xhtml1-transitional.dtd">
<html xmlns="http://www.w3.org/1999/xhtml" xml:lang="en" lang="en">
 <head>
  <title>
</title>
<meta http-equiv="Content-Type" content="text/html;charset=utf-8" />
  <meta name='ocr-system' content='tesseract 3.04.00' />
  <meta name='ocr-capabilities' content='ocr_page ocr_carea ocr_par ocr_line ocrx_word'/>
</head>
<body>
  <div class='ocr_page' id='page_1' title='image "./csuetoniitranqu00ihmgoog_0345.png"; bbox 0 0 3259 5209; ppageno 0'>
   <div class='ocr_carea' id='block_1_1' title="bbox 1212 439 2639 502">
    <p class='ocr_par' dir='ltr' id='par_1_1' title="bbox 1212 439 2639 502">
     <span class='ocr_line' id='line_1_1' title="bbox 1212 439 2639 502; baseline 0.004 -6"><span class='ocrx_word' id='word_1_1' title='bbox 1212 441 1454 496; x_wconf 81' lang='lat' dir='ltr'>GALBA</span> <span class='ocrx_word' id='word_1_2' title='bbox 1491 452 1622 502; x_wconf 73' lang='lat' dir='ltr'><strong>[w.</strong></span> <span class='ocrx_word' id='word_1_3' title='bbox 1656 452 1775 501; x_wconf 73' lang='lat'>1—4]</span> <span class='ocrx_word' id='word_1_4' title='bbox 2508 439 2591 502; x_wconf 79' lang='lat'><strong>27</strong></span> <span class='ocrx_word' id='word_1_5' title='bbox 2598 439 2639 502; x_wconf 84' lang='lat'><strong>3</strong></span> 
     </span>
    </p>
   </div>
   <div class='ocr_carea' id='block_1_2' title="bbox 255 601 2852 3676">
    <p class='ocr_par' dir='ltr' id='par_1_2' title="bbox 336 601 2709 1010">
     <span class='ocr_line' id='line_1_2' title="bbox 339 601 2709 689; baseline -0 -20"><span class='ocrx_word' id='word_1_6' title='bbox 339 611 456 670; x_wconf 84' lang='lat' dir='ltr'><strong>es&#39;t.</strong></span> <span class='ocrx_word' id='word_1_7' title='bbox 539 604 620 669; x_wconf 92' lang='lat' dir='ltr'><strong>ab</strong></span> <span class='ocrx_word' id='word_1_8' title='bbox 657 604 781 670; x_wconf 85' lang='lat' dir='ltr'><strong>hoc</strong></span> <span class='ocrx_word' id='word_1_9' title='bbox 831 609 982 670; x_wconf 84' lang='lat' dir='ltr'><strong>sunt</strong></span> <span class='ocrx_word' id='word_1_10' title='bbox 1019 605 1424 689; x_wconf 86' lang='lat' dir='ltr'><strong>imperatoris</strong></span> <span class='ocrx_word' id='word_1_11' title='bbox 1463 601 1701 670; x_wconf 82' lang='lat' dir='ltr'><strong>Galbae</strong></span> <span class='ocrx_word' id='word_1_12' title='bbox 1746 623 1907 670; x_wconf 80' lang='lat' dir='ltr'><strong>auus</strong></span> <span class='ocrx_word' id='word_1_13' title='bbox 1948 623 2025 669; x_wconf 88' lang='lat' dir='ltr'><strong>ac</strong></span> <span class='ocrx_word' id='word_1_14' title='bbox 2059 605 2267 687; x_wconf 88' lang='lat' dir='ltr'><strong>pater:</strong></span> <span class='ocrx_word' id='word_1_15' title='bbox 2312 624 2471 668; x_wconf 88' lang='lat' dir='ltr'><strong>auus</strong></span> <span class='ocrx_word' id='word_1_16' title='bbox 2517 602 2640 672; x_wconf 84' lang='lat' dir='ltr'><strong>cla·</strong></span> <span class='ocrx_word' id='word_1_17' title='bbox 2679 622 2709 668; x_wconf 85' lang='lat'>3</span> 
     </span>
     <span class='ocr_line' id='line_1_3' title="bbox 338 708 2640 797; baseline -0 -22"><span class='ocrx_word' id='word_1_18' title='bbox 338 713 473 775; x_wconf 94' lang='lat' dir='ltr'><strong>rior</strong></span> <span class='ocrx_word' id='word_1_19' title='bbox 519 711 751 776; x_wconf 85' lang='lat' dir='ltr'><strong>studiis</strong></span> <span class='ocrx_word' id='word_1_20' title='bbox 807 732 998 796; x_wconf 85' lang='lat' dir='ltr'><strong>quam</strong></span> <span class='ocrx_word' id='word_1_21' title='bbox 1056 710 1368 797; x_wconf 77' lang='lat' dir='ltr'><strong>dignitate</strong></span> <span class='ocrx_word' id='word_1_22' title='bbox 1415 747 1500 756; x_wconf 88' lang='lat'><strong>—</strong></span> <span class='ocrx_word' id='word_1_23' title='bbox 1545 717 1677 775; x_wconf 77' lang='lat' dir='ltr'><strong>&#39;non</strong></span> <span class='ocrx_word' id='word_1_24' title='bbox 1732 708 1901 774; x_wconf 87' lang='lat' dir='ltr'><strong>enim</strong></span> <span class='ocrx_word' id='word_1_25' title='bbox 1958 730 2252 794; x_wconf 79' lang='lat' dir='ltr'><strong>egressus</strong></span> <span class='ocrx_word' id='word_1_26' title='bbox 2306 713 2640 793; x_wconf 85' lang='lat' dir='ltr'><strong>praeturae</strong></span> 
     </span>
     <span class='ocr_line' id='line_1_4' title="bbox 336 815 2642 902; baseline 0 -20"><span class='ocrx_word' id='word_1_27' title='bbox 336 817 610 902; x_wconf 80' lang='lat' dir='ltr'><strong>gradum</strong></span> <span class='ocrx_word' id='word_1_28' title='bbox 647 856 736 866; x_wconf 93' lang='lat'>—</span> <span class='ocrx_word' id='word_1_29' title='bbox 773 819 1194 902; x_wconf 74' lang='lat' dir='ltr'><strong>multiplicem</strong></span> <span class='ocrx_word' id='word_1_30' title='bbox 1231 838 1350 882; x_wconf 90' lang='lat' dir='ltr'><strong>nec</strong></span> <span class='ocrx_word' id='word_1_31' title='bbox 1387 817 1775 882; x_wconf 81' lang='lat' dir='ltr'><strong>incuriosam</strong></span> <span class='ocrx_word' id='word_1_32' title='bbox 1812 816 2148 882; x_wconf 78' lang='lat' dir='ltr'><strong>historiam</strong></span> <span class='ocrx_word' id='word_1_33' title='bbox 2188 815 2413 902; x_wconf 82' lang='lat' dir='ltr'><strong>edidit3</strong></span> <span class='ocrx_word' id='word_1_34' title='bbox 2460 821 2642 900; x_wconf 87' lang='lat' dir='ltr'><strong>pater</strong></span> 
     </span>
     <span class='ocr_line' id='line_1_5' title="bbox 338 922 2644 1010; baseline -0.001 -20"><span class='ocrx_word' id='word_1_35' title='bbox 338 926 678 990; x_wconf 74' lang='lat' dir='ltr'><strong>consulatu</strong></span> <span class='ocrx_word' id='word_1_36' title='bbox 716 925 994 1006; x_wconf 84' lang='lat' dir='ltr'><strong>functus,</strong></span> <span class='ocrx_word' id='word_1_37' title='bbox 1031 946 1396 1010; x_wconf 73' lang='lat' dir='ltr'><strong>quanquam</strong></span> <span class='ocrx_word' id='word_1_38' title='bbox 1435 922 1615 990; x_wconf 88' lang='lat' dir='ltr'><strong>breui</strong></span> <span class='ocrx_word' id='word_1_39' title='bbox 1657 945 1924 1008; x_wconf 87' lang='lat' dir='ltr'><strong>corpore</strong></span> <span class='ocrx_word' id='word_1_40' title='bbox 1950 927 2145 1007; x_wconf 90' lang='lat' dir='ltr'><strong>atque</strong></span> <span class='ocrx_word' id='word_1_41' title='bbox 2182 924 2373 988; x_wconf 85' lang='lat' dir='ltr'><strong>etiam</strong></span> <span class='ocrx_word' id='word_1_42' title='bbox 2414 923 2644 1008; x_wconf 82' lang='lat' dir='ltr'><strong>gibber</strong></span> 
     </span>
    </p>

    <p class='ocr_par' dir='ltr' id='par_1_3' title="bbox 284 1029 2707 1542">
     <span class='ocr_line' id='line_1_6' title="bbox 284 1029 2639 1116; baseline -0.002 -17"><span class='ocrx_word' id='word_1_43' title='bbox 284 1059 310 1099; x_wconf 75' lang='grc' dir='ltr'><strong>ε»</strong></span> <span class='ocrx_word' id='word_1_44' title='bbox 340 1031 758 1116; x_wconf 68' lang='lat' dir='ltr'><strong>modicaeque</strong></span> <span class='ocrx_word' id='word_1_45' title='bbox 812 1032 878 1095; x_wconf 91' lang='lat' dir='ltr'><strong>in</strong></span> <span class='ocrx_word' id='word_1_46' title='bbox 935 1030 1203 1096; x_wconf 85' lang='lat' dir='ltr'><strong>dicendo</strong></span> <span class='ocrx_word' id='word_1_47' title='bbox 1258 1029 1611 1113; x_wconf 72' lang='lat' dir='ltr'><strong>facultatis,</strong></span> <span class='ocrx_word' id='word_1_48' title='bbox 1676 1051 1899 1096; x_wconf 87' lang='lat' dir='ltr'><strong>causas</strong></span> <span class='ocrx_word' id='word_1_49' title='bbox 1958 1029 2269 1094; x_wconf 85' lang='lat' dir='ltr'><strong>industrie</strong></span> <span class='ocrx_word' id='word_1_50' title='bbox 2328 1029 2639 1096; x_wconf 86' lang='lat' dir='ltr'><strong>actitauit.</strong></span> 
     </span>
     <span class='ocr_line' id='line_1_7' title="bbox 337 1135 2707 1221; baseline 0.002 -19"><span class='ocrx_word' id='word_1_51' title='bbox 337 1161 572 1203; x_wconf 83' lang='lat' dir='ltr'><strong>uxores</strong></span> <span class='ocrx_word' id='word_1_52' title='bbox 608 1137 838 1204; x_wconf 87' lang='lat' dir='ltr'><strong>habuit</strong></span> <span class='ocrx_word' id='word_1_53' title='bbox 875 1137 1250 1204; x_wconf 82' lang='lat' dir='ltr'><strong>Mummiam</strong></span> <span class='ocrx_word' id='word_1_54' title='bbox 1289 1136 1660 1221; x_wconf 87' lang='lat' dir='ltr'><strong>Achaicam,</strong></span> <span class='ocrx_word' id='word_1_55' title='bbox 1694 1141 1956 1220; x_wconf 87' lang='lat' dir='ltr'><strong>neptem</strong></span> <span class='ocrx_word' id='word_1_56' title='bbox 1987 1135 2197 1204; x_wconf 86' lang='lat' dir='ltr'><strong>Catuli</strong></span> <span class='ocrx_word' id='word_1_57' title='bbox 2236 1141 2639 1221; x_wconf 85' lang='lat' dir='ltr'><strong>proneptem·</strong></span> <span class='ocrx_word' id='word_1_58' title='bbox 2676 1159 2707 1206; x_wconf 75' lang='lat'>4</span> 
     </span>
     <span class='ocr_line' id='line_1_8' title="bbox 337 1241 2639 1329; baseline -0 -20"><span class='ocrx_word' id='word_1_59' title='bbox 337 1267 464 1328; x_wconf 89' lang='lat' dir='ltr'><strong>que</strong></span> <span class='ocrx_word' id='word_1_60' title='bbox 499 1244 571 1309; x_wconf 91' lang='lat' dir='ltr'><strong>L.</strong></span> <span class='ocrx_word' id='word_1_61' title='bbox 607 1244 900 1329; x_wconf 82' lang='lat' dir='ltr'><strong>Mummi,</strong></span> <span class='ocrx_word' id='word_1_62' title='bbox 936 1246 1050 1329; x_wconf 90' lang='lat' dir='ltr'><strong>qui</strong></span> <span class='ocrx_word' id='word_1_63' title='bbox 1078 1243 1462 1310; x_wconf 85' lang='lat' dir='ltr'><strong>Corinthum</strong></span> <span class='ocrx_word' id='word_1_64' title='bbox 1501 1243 1767 1328; x_wconf 83' lang='lat' dir='ltr'><strong>excidit3</strong></span> <span class='ocrx_word' id='word_1_65' title='bbox 1802 1245 1957 1308; x_wconf 92' lang='lat' dir='ltr'><strong>item</strong></span> <span class='ocrx_word' id='word_1_66' title='bbox 1994 1243 2248 1308; x_wconf 86' lang='lat' dir='ltr'><strong>Liuiam</strong></span> <span class='ocrx_word' id='word_1_67' title='bbox 2286 1241 2639 1308; x_wconf 78' lang='lat' dir='ltr'><strong>Ocellinam</strong></span> 
     </span>
     <span class='ocr_line' id='line_1_9' title="bbox 337 1350 2640 1436; baseline 0 -22"><span class='ocrx_word' id='word_1_68' title='bbox 337 1351 538 1416; x_wconf 85' lang='lat' dir='ltr'><strong>ditem</strong></span> <span class='ocrx_word' id='word_1_69' title='bbox 585 1352 928 1418; x_wconf 85' lang='lat' dir='ltr'><strong>admodum</strong></span> <span class='ocrx_word' id='word_1_70' title='bbox 983 1355 1050 1417; x_wconf 88' lang='lat' dir='ltr'><strong>et</strong></span> <span class='ocrx_word' id='word_1_71' title='bbox 1098 1350 1458 1436; x_wconf 83' lang='lat' dir='ltr'><strong>pulchram,</strong></span> <span class='ocrx_word' id='word_1_72' title='bbox 1515 1374 1553 1415; x_wconf 91' lang='lat' dir='ltr'><strong>a</strong></span> <span class='ocrx_word' id='word_1_73' title='bbox 1597 1372 1725 1434; x_wconf 89' lang='lat' dir='ltr'><strong>qua</strong></span> <span class='ocrx_word' id='word_1_74' title='bbox 1780 1355 1997 1416; x_wconf 89' lang='lat' dir='ltr'><strong>tamen</strong></span> <span class='ocrx_word' id='word_1_75' title='bbox 2040 1350 2401 1416; x_wconf 75' lang='lat' dir='ltr'><strong>nobilitatis</strong></span> <span class='ocrx_word' id='word_1_76' title='bbox 2446 1371 2640 1416; x_wconf 86' lang='lat' dir='ltr'><strong>causa</strong></span> 
     </span>
     <span class='ocr_line' id='line_1_10' title="bbox 337 1456 2637 1542; baseline 0 -20"><span class='ocrx_word' id='word_1_77' title='bbox 337 1459 664 1541; x_wconf 87' lang='lat' dir='ltr'><strong>appetitus</strong></span> <span class='ocrx_word' id='word_1_78' title='bbox 723 1457 896 1524; x_wconf 85' lang='lat' dir='ltr'><strong>ultro</strong></span> <span class='ocrx_word' id='word_1_79' title='bbox 957 1460 1362 1522; x_wconf 84' lang='lat' dir='ltr'><strong>existimatur</strong></span> <span class='ocrx_word' id='word_1_80' title='bbox 1429 1462 1496 1523; x_wconf 88' lang='lat' dir='ltr'><strong>et</strong></span> <span class='ocrx_word' id='word_1_81' title='bbox 1553 1457 1887 1541; x_wconf 89' lang='lat' dir='ltr'><strong>aliquanto</strong></span> <span class='ocrx_word' id='word_1_82' title='bbox 1946 1456 2225 1540; x_wconf 86' lang='lat' dir='ltr'><strong>enixius,</strong></span> <span class='ocrx_word' id='word_1_83' title='bbox 2292 1461 2637 1542; x_wconf 78' lang='lat' dir='ltr'><strong>postquam</strong></span> 
     </span>
    </p>

    <p class='ocr_par' dir='ltr' id='par_1_4' title="bbox 255 1564 2641 2057">
     <span class='ocr_line' id='line_1_11' title="bbox 255 1564 2641 1648; baseline -0.002 -16"><span class='ocrx_word' id='word_1_84' title='bbox 255 1593 308 1632; x_wconf 81' lang='grc' dir='ltr'><strong>ιο</strong></span> <span class='ocrx_word' id='word_1_85' title='bbox 337 1564 610 1629; x_wconf 75' lang='lat' dir='ltr'><strong>subinde</strong></span> <span class='ocrx_word' id='word_1_86' title='bbox 655 1565 922 1631; x_wconf 86' lang='lat' dir='ltr'><strong>instanti</strong></span> <span class='ocrx_word' id='word_1_87' title='bbox 975 1565 1208 1630; x_wconf 91' lang='lat' dir='ltr'><strong>uitium</strong></span> <span class='ocrx_word' id='word_1_88' title='bbox 1257 1566 1546 1648; x_wconf 83' lang='lat' dir='ltr'><strong>corporis</strong></span> <span class='ocrx_word' id='word_1_89' title='bbox 1601 1569 1843 1630; x_wconf 77' lang='lat' dir='ltr'><strong>secreto</strong></span> <span class='ocrx_word' id='word_1_90' title='bbox 1890 1567 2101 1648; x_wconf 88' lang='lat' dir='ltr'><strong>posita</strong></span> <span class='ocrx_word' id='word_1_91' title='bbox 2154 1567 2333 1630; x_wconf 88' lang='lat' dir='ltr'><strong>ueste</strong></span> <span class='ocrx_word' id='word_1_92' title='bbox 2380 1564 2641 1647; x_wconf 82' lang='lat' dir='ltr'><strong>detexit,</strong></span> 
     </span>
     <span class='ocr_line' id='line_1_12' title="bbox 335 1669 2637 1757; baseline 0 -21"><span class='ocrx_word' id='word_1_93' title='bbox 335 1693 418 1736; x_wconf 90' lang='lat' dir='ltr'><strong>ne</strong></span> <span class='ocrx_word' id='word_1_94' title='bbox 457 1672 640 1754; x_wconf 89' lang='lat' dir='ltr'><strong>quasi</strong></span> <span class='ocrx_word' id='word_1_95' title='bbox 680 1672 968 1757; x_wconf 84' lang='lat' dir='ltr'><strong>ignaram</strong></span> <span class='ocrx_word' id='word_1_96' title='bbox 1015 1671 1237 1737; x_wconf 87' lang='lat' dir='ltr'><strong>fallere</strong></span> <span class='ocrx_word' id='word_1_97' title='bbox 1286 1672 1626 1736; x_wconf 89' lang='lat' dir='ltr'><strong>uideretur.</strong></span> <span class='ocrx_word' id='word_1_98' title='bbox 1710 1693 1789 1736; x_wconf 85' lang='lat' dir='ltr'><strong>ex</strong></span> <span class='ocrx_word' id='word_1_99' title='bbox 1826 1669 2109 1736; x_wconf 82' lang='lat' dir='ltr'><strong>Achaica</strong></span> <span class='ocrx_word' id='word_1_100' title='bbox 2143 1670 2381 1736; x_wconf 85' lang='lat' dir='ltr'><strong>liberos</strong></span> <span class='ocrx_word' id='word_1_101' title='bbox 2410 1669 2637 1736; x_wconf 80' lang='lat' dir='ltr'><strong>Gaium</strong></span> 
     </span>
     <span class='ocr_line' id='line_1_13' title="bbox 339 1775 2640 1863; baseline 0.001 -23"><span class='ocrx_word' id='word_1_102' title='bbox 339 1784 406 1840; x_wconf 83' lang='lat' dir='ltr'><strong>et</strong></span> <span class='ocrx_word' id='word_1_103' title='bbox 447 1775 740 1842; x_wconf 87' lang='lat' dir='ltr'><strong>Seruium</strong></span> <span class='ocrx_word' id='word_1_104' title='bbox 789 1778 1169 1863; x_wconf 84' lang='lat' dir='ltr'><strong>procreauit,</strong></span> <span class='ocrx_word' id='word_1_105' title='bbox 1217 1799 1489 1863; x_wconf 89' lang='lat' dir='ltr'><strong>quorum</strong></span> <span class='ocrx_word' id='word_1_106' title='bbox 1538 1779 1744 1842; x_wconf 88' lang='lat' dir='ltr'><strong>maior</strong></span> <span class='ocrx_word' id='word_1_107' title='bbox 1788 1775 1987 1843; x_wconf 82' lang='lat' dir='ltr'><strong>Gaius</strong></span> <span class='ocrx_word' id='word_1_108' title='bbox 2037 1777 2277 1842; x_wconf 86' lang='lat' dir='ltr'><strong>attritis</strong></span> <span class='ocrx_word' id='word_1_109' title='bbox 2322 1778 2640 1844; x_wconf 84' lang='lat' dir='ltr'><strong>facultati-</strong></span> 
     </span>
     <span class='ocr_line' id='line_1_14' title="bbox 341 1883 2639 1970; baseline 0.001 -24"><span class='ocrx_word' id='word_1_110' title='bbox 341 1883 460 1950; x_wconf 77' lang='lat' dir='ltr'><strong>bus</strong></span> <span class='ocrx_word' id='word_1_111' title='bbox 506 1883 664 1949; x_wconf 90' lang='lat' dir='ltr'><strong>urbe</strong></span> <span class='ocrx_word' id='word_1_112' title='bbox 711 1885 903 1952; x_wconf 77' lang='lat' dir='ltr'><strong>cessit</strong></span> <span class='ocrx_word' id='word_1_113' title='bbox 947 1885 1446 1970; x_wconf 84' lang='lat' dir='ltr'><strong>prohibitusque</strong></span> <span class='ocrx_word' id='word_1_114' title='bbox 1481 1908 1520 1950; x_wconf 91' lang='lat' dir='ltr'><strong>a</strong></span> <span class='ocrx_word' id='word_1_115' title='bbox 1559 1883 1819 1949; x_wconf 86' lang='lat' dir='ltr'><strong>Tiberio</strong></span> <span class='ocrx_word' id='word_1_116' title='bbox 1868 1884 2085 1948; x_wconf 87' lang='lat' dir='ltr'><strong>sortiri</strong></span> <span class='ocrx_word' id='word_1_117' title='bbox 2123 1905 2291 1949; x_wconf 87' lang='lat' dir='ltr'><strong>anno</strong></span> <span class='ocrx_word' id='word_1_118' title='bbox 2339 1907 2457 1949; x_wconf 88' lang='lat' dir='ltr'><strong>suo</strong></span> <span class='ocrx_word' id='word_1_119' title='bbox 2492 1907 2639 1968; x_wconf 89' lang='lat' dir='ltr'><strong>pro-</strong></span> 
     </span>
     <span class='ocr_line' id='line_1_15' title="bbox 341 1990 1637 2057; baseline 0.002 -3"><span class='ocrx_word' id='word_1_120' title='bbox 341 1992 744 2056; x_wconf 82' lang='lat' dir='ltr'><strong>consulatum</strong></span> <span class='ocrx_word' id='word_1_121' title='bbox 793 1991 1160 2056; x_wconf 85' lang='lat' dir='ltr'><strong>uoluntaria</strong></span> <span class='ocrx_word' id='word_1_122' title='bbox 1205 1997 1408 2056; x_wconf 89' lang='lat' dir='ltr'><strong>morte</strong></span> <span class='ocrx_word' id='word_1_123' title='bbox 1455 1990 1637 2057; x_wconf 84' lang='lat' dir='ltr'><strong>obiit.</strong></span> 
     </span>
    </p>

    <p class='ocr_par' dir='ltr' id='par_1_5' title="bbox 257 2095 2852 2610">
     <span class='ocr_line' id='line_1_16' title="bbox 257 2095 2707 2181; baseline -0.001 -14"><span class='ocrx_word' id='word_1_124' title='bbox 257 2127 310 2167; x_wconf 70' lang='lat'><strong>15</strong></span> <span class='ocrx_word' id='word_1_125' title='bbox 521 2097 650 2162; x_wconf 88' lang='lat' dir='ltr'><strong>Ser.</strong></span> <span class='ocrx_word' id='word_1_126' title='bbox 705 2095 908 2162; x_wconf 85' lang='lat' dir='ltr'><strong>Galba</strong></span> <span class='ocrx_word' id='word_1_127' title='bbox 976 2101 1323 2181; x_wconf 86' lang='lat' dir='ltr'><strong>imperator</strong></span> <span class='ocrx_word' id='word_1_128' title='bbox 1386 2097 1470 2162; x_wconf 90' lang='lat' dir='ltr'><strong>M.</strong></span> <span class='ocrx_word' id='word_1_129' title='bbox 1521 2097 1781 2164; x_wconf 89' lang='lat' dir='ltr'><strong>Valerio</strong></span> <span class='ocrx_word' id='word_1_130' title='bbox 1850 2096 2125 2163; x_wconf 85' lang='lat' dir='ltr'><strong>Messala</strong></span> <span class='ocrx_word' id='word_1_131' title='bbox 2194 2095 2307 2162; x_wconf 87' lang='lat' dir='ltr'><strong>Cn.</strong></span> <span class='ocrx_word' id='word_1_132' title='bbox 2358 2096 2633 2162; x_wconf 87' lang='lat' dir='ltr'><strong>Lentulo</strong></span> <span class='ocrx_word' id='word_1_133' title='bbox 2662 2099 2707 2165; x_wconf 82' lang='lat'>4</span> 
     </span>
     <span class='ocr_line' id='line_1_17' title="bbox 340 2202 2852 2289; baseline -0.002 -21"><span class='ocrx_word' id='word_1_134' title='bbox 340 2225 514 2270; x_wconf 89' lang='lat' dir='ltr'><strong>cons.</strong></span> <span class='ocrx_word' id='word_1_135' title='bbox 549 2209 740 2270; x_wconf 88' lang='lat' dir='ltr'><strong>natus</strong></span> <span class='ocrx_word' id='word_1_136' title='bbox 777 2211 874 2270; x_wconf 90' lang='lat' dir='ltr'><strong>est</strong></span> <span class='ocrx_word' id='word_1_137' title='bbox 909 2203 1118 2270; x_wconf 87' lang='lat' dir='ltr'><strong>VIIII.</strong></span> <span class='ocrx_word' id='word_1_138' title='bbox 1159 2205 1298 2270; x_wconf 88' lang='lat' dir='ltr'><strong>Kal.</strong></span> <span class='ocrx_word' id='word_1_139' title='bbox 1337 2202 1470 2269; x_wconf 87' lang='lat' dir='ltr'><strong>Ian.</strong></span> <span class='ocrx_word' id='word_1_140' title='bbox 1507 2204 1574 2268; x_wconf 90' lang='lat' dir='ltr'><strong>in</strong></span> <span class='ocrx_word' id='word_1_141' title='bbox 1611 2205 1771 2270; x_wconf 89' lang='lat' dir='ltr'><strong>uilla</strong></span> <span class='ocrx_word' id='word_1_142' title='bbox 1806 2205 1957 2269; x_wconf 90' lang='lat' dir='ltr'><strong>colli</strong></span> <span class='ocrx_word' id='word_1_143' title='bbox 1994 2204 2401 2289; x_wconf 89' lang='lat' dir='ltr'><strong>superposita</strong></span> <span class='ocrx_word' id='word_1_144' title='bbox 2434 2227 2635 2288; x_wconf 88' lang='lat' dir='ltr'><strong>prope</strong></span> <span class='ocrx_word' id='word_1_145' title='bbox 2662 2225 2779 2264; x_wconf 68' lang='grc'><strong><em>..3.</em></strong></span> <span class='ocrx_word' id='word_1_146' title='bbox 2804 2223 2852 2264; x_wconf 91' lang='lat' dir='ltr'><strong>c.</strong></span> 
     </span>
     <span class='ocr_line' id='line_1_18' title="bbox 340 2310 2639 2396; baseline 0 -22"><span class='ocrx_word' id='word_1_147' title='bbox 340 2310 744 2376; x_wconf 79' lang='lat' dir='ltr'><strong>Tarracinam</strong></span> <span class='ocrx_word' id='word_1_148' title='bbox 819 2312 1226 2376; x_wconf 84' lang='lat' dir='ltr'><strong>sinistrorsus</strong></span> <span class='ocrx_word' id='word_1_149' title='bbox 1287 2311 1548 2376; x_wconf 88' lang='lat' dir='ltr'><strong>Fundos</strong></span> <span class='ocrx_word' id='word_1_150' title='bbox 1609 2311 2006 2395; x_wconf 87' lang='lat' dir='ltr'><strong>petentibus,</strong></span> <span class='ocrx_word' id='word_1_151' title='bbox 2077 2312 2546 2396; x_wconf 82' lang='lat' dir='ltr'><strong>adoptatusque</strong></span> <span class='ocrx_word' id='word_1_152' title='bbox 2601 2335 2639 2375; x_wconf 90' lang='lat' dir='ltr'><strong>a</strong></span> 
     </span>
     <span class='ocr_line' id='line_1_19' title="bbox 340 2417 2639 2504; baseline -0 -22"><span class='ocrx_word' id='word_1_153' title='bbox 340 2438 618 2482; x_wconf 85' lang='lat' dir='ltr'><strong>nouerca</strong></span> <span class='ocrx_word' id='word_1_154' title='bbox 681 2441 796 2482; x_wconf 89' lang='lat' dir='ltr'><strong>sua</strong></span> <span class='ocrx_word' id='word_1_155' title='bbox 849 2417 1038 2482; x_wconf 84' lang='lat' dir='ltr'><strong>Liuia</strong></span> <span class='ocrx_word' id='word_1_156' title='bbox 1102 2439 1336 2482; x_wconf 89' lang='lat' dir='ltr'><strong>nomen</strong></span> <span class='ocrx_word' id='word_1_157' title='bbox 1400 2423 1464 2482; x_wconf 91' lang='lat' dir='ltr'><strong>et</strong></span> <span class='ocrx_word' id='word_1_158' title='bbox 1521 2417 1810 2482; x_wconf 84' lang='lat' dir='ltr'><strong>Ocellare</strong></span> <span class='ocrx_word' id='word_1_159' title='bbox 1875 2439 2229 2504; x_wconf 84' lang='lat' dir='ltr'><strong>cognomen</strong></span> <span class='ocrx_word' id='word_1_160' title='bbox 2294 2418 2639 2502; x_wconf 85' lang='lat' dir='ltr'><strong>assumpsit</strong></span> 
     </span>
     <span class='ocr_line' id='line_1_20' title="bbox 341 2523 2639 2610; baseline 0.002 -24"><span class='ocrx_word' id='word_1_161' title='bbox 341 2527 591 2588; x_wconf 80' lang='lat' dir='ltr'><strong>mutato</strong></span> <span class='ocrx_word' id='word_1_162' title='bbox 663 2525 1101 2608; x_wconf 86' lang='lat' dir='ltr'><strong>praenomine3</strong></span> <span class='ocrx_word' id='word_1_163' title='bbox 1174 2547 1322 2589; x_wconf 88' lang='lat' dir='ltr'><strong>nam</strong></span> <span class='ocrx_word' id='word_1_164' title='bbox 1387 2524 1657 2602; x_wconf 83' lang='lat' dir='ltr'><strong>Lucium</strong></span> <span class='ocrx_word' id='word_1_165' title='bbox 1732 2545 1881 2590; x_wconf 86' lang='lat' dir='ltr'><strong>mox</strong></span> <span class='ocrx_word' id='word_1_166' title='bbox 1954 2547 2071 2609; x_wconf 90' lang='lat' dir='ltr'><strong>pro</strong></span> <span class='ocrx_word' id='word_1_167' title='bbox 2145 2523 2370 2590; x_wconf 88' lang='lat' dir='ltr'><strong>Seruio</strong></span> <span class='ocrx_word' id='word_1_168' title='bbox 2437 2547 2639 2610; x_wconf 86' lang='lat' dir='ltr'><strong>usque</strong></span> 
     </span>
    </p>

    <p class='ocr_par' dir='ltr' id='par_1_6' title="bbox 259 2630 2639 3036">
     <span class='ocr_line' id='line_1_21' title="bbox 259 2630 2639 2718; baseline -0.001 -19"><span class='ocrx_word' id='word_1_169' title='bbox 259 2661 316 2699; x_wconf 76' lang='lat'><strong>20</strong></span> <span class='ocrx_word' id='word_1_170' title='bbox 344 2630 422 2694; x_wconf 86' lang='lat' dir='ltr'><strong>ad</strong></span> <span class='ocrx_word' id='word_1_171' title='bbox 460 2635 715 2714; x_wconf 88' lang='lat' dir='ltr'><strong>tempus</strong></span> <span class='ocrx_word' id='word_1_172' title='bbox 754 2631 1008 2716; x_wconf 86' lang='lat' dir='ltr'><strong>imperii</strong></span> <span class='ocrx_word' id='word_1_173' title='bbox 1043 2633 1395 2716; x_wconf 88' lang='lat' dir='ltr'><strong>usurpauit.</strong></span> <span class='ocrx_word' id='word_1_174' title='bbox 1471 2635 1727 2697; x_wconf 87' lang='lat' dir='ltr'><strong>constat</strong></span> <span class='ocrx_word' id='word_1_175' title='bbox 1762 2631 2127 2718; x_wconf 84' lang='lat' dir='ltr'><strong>Augustum</strong></span> <span class='ocrx_word' id='word_1_176' title='bbox 2165 2655 2367 2716; x_wconf 92' lang='lat' dir='ltr'><strong>puero</strong></span> <span class='ocrx_word' id='word_1_177' title='bbox 2414 2632 2639 2710; x_wconf 89' lang='lat' dir='ltr'><strong>adhuc,</strong></span> 
     </span>
     <span class='ocr_line' id='line_1_22' title="bbox 343 2737 2637 2822; baseline 0.001 -22"><span class='ocrx_word' id='word_1_178' title='bbox 343 2737 650 2801; x_wconf 84' lang='lat' dir='ltr'><strong>salutanti</strong></span> <span class='ocrx_word' id='word_1_179' title='bbox 705 2761 772 2802; x_wconf 90' lang='lat' dir='ltr'><strong>se</strong></span> <span class='ocrx_word' id='word_1_180' title='bbox 829 2739 997 2803; x_wconf 87' lang='lat' dir='ltr'><strong>inter</strong></span> <span class='ocrx_word' id='word_1_181' title='bbox 1053 2738 1378 2821; x_wconf 87' lang='lat' dir='ltr'><strong>aequales,</strong></span> <span class='ocrx_word' id='word_1_182' title='bbox 1433 2737 1831 2822; x_wconf 85' lang='lat' dir='ltr'><strong>apprehensa</strong></span> <span class='ocrx_word' id='word_1_183' title='bbox 1886 2738 2155 2803; x_wconf 84' lang='lat' dir='ltr'><strong>buccula</strong></span> <span class='ocrx_word' id='word_1_184' title='bbox 2212 2739 2475 2803; x_wconf 83' lang='lat' dir='ltr'><strong>dixisse:</strong></span> <span class='ocrx_word' id='word_1_185' title='bbox 2530 2741 2637 2803; x_wconf 83' lang='grc' dir='ltr'><strong>καὶ</strong></span> 
     </span>
     <span class='ocr_line' id='line_1_23' title="bbox 343 2843 2637 2930; baseline 0 -21"><span class='ocrx_word' id='word_1_186' title='bbox 343 2847 426 2909; x_wconf 84' lang='grc' dir='ltr'><strong>σὺ</strong></span> <span class='ocrx_word' id='word_1_187' title='bbox 473 2843 710 2909; x_wconf 80' lang='grc' dir='ltr'><strong><em>τέκνον</em></strong></span> <span class='ocrx_word' id='word_1_188' title='bbox 755 2855 868 2928; x_wconf 80' lang='grc' dir='ltr'><strong>τῆς</strong></span> <span class='ocrx_word' id='word_1_189' title='bbox 905 2845 1106 2930; x_wconf 78' lang='grc' dir='ltr'><em>ἀρχῆς</em></span> <span class='ocrx_word' id='word_1_190' title='bbox 1152 2847 1338 2928; x_wconf 83' lang='grc' dir='ltr'><em>ἡμῶν</em></span> <span class='ocrx_word' id='word_1_191' title='bbox 1374 2845 1781 2930; x_wconf 59' lang='lat' dir='ltr'><strong>napaeos-(2531.</strong></span> <span class='ocrx_word' id='word_1_192' title='bbox 1867 2844 1978 2909; x_wconf 90' lang='lat' dir='ltr'><strong>sed</strong></span> <span class='ocrx_word' id='word_1_193' title='bbox 2023 2849 2089 2909; x_wconf 92' lang='lat' dir='ltr'><strong>et</strong></span> <span class='ocrx_word' id='word_1_194' title='bbox 2132 2843 2447 2928; x_wconf 86' lang='lat' dir='ltr'><strong>Tiberius,</strong></span> <span class='ocrx_word' id='word_1_195' title='bbox 2492 2867 2637 2910; x_wconf 91' lang='lat' dir='ltr'><strong>cum</strong></span> 
     </span>
     <span class='ocr_line' id='line_1_24' title="bbox 341 2951 2638 3036; baseline 0.001 -22"><span class='ocrx_word' id='word_1_196' title='bbox 341 2951 760 3036; x_wconf 86' lang='lat' dir='ltr'><strong>comperisset</strong></span> <span class='ocrx_word' id='word_1_197' title='bbox 795 2953 1254 3036; x_wconf 86' lang='lat' dir='ltr'><strong>imperaturum</strong></span> <span class='ocrx_word' id='word_1_198' title='bbox 1294 2975 1438 3016; x_wconf 91' lang='lat' dir='ltr'><strong>eum</strong></span> <span class='ocrx_word' id='word_1_199' title='bbox 1475 2973 1699 3016; x_wconf 86' lang='lat' dir='ltr'><strong>uerum</strong></span> <span class='ocrx_word' id='word_1_200' title='bbox 1738 2953 1805 3016; x_wconf 91' lang='lat' dir='ltr'><strong>in</strong></span> <span class='ocrx_word' id='word_1_201' title='bbox 1846 2956 2127 3016; x_wconf 87' lang='lat' dir='ltr'><strong>senecta:</strong></span> <span class='ocrx_word' id='word_1_202' title='bbox 2173 2953 2390 3016; x_wconf 89' lang='lat' dir='ltr'><strong>uiuat</strong></span> <span class='ocrx_word' id='word_1_203' title='bbox 2436 2974 2638 3033; x_wconf 86' lang='lat' dir='ltr'><strong>sane,</strong></span> 
     </span>
    </p>

    <p class='ocr_par' dir='ltr' id='par_1_7' title="bbox 289 3057 2707 3142">
     <span class='ocr_line' id='line_1_25' title="bbox 289 3057 2707 3142; baseline 0.003 -24"><span class='ocrx_word' id='word_1_204' title='bbox 289 3071 294 3076; x_wconf 78' lang='grc'><strong>’</strong></span> <span class='ocrx_word' id='word_1_205' title='bbox 341 3057 458 3138; x_wconf 83' lang='lat' dir='ltr'><strong>ait,</strong></span> <span class='ocrx_word' id='word_1_206' title='bbox 517 3057 814 3139; x_wconf 86' lang='lat' dir='ltr'><strong>quando</strong></span> <span class='ocrx_word' id='word_1_207' title='bbox 861 3058 938 3123; x_wconf 87' lang='lat' dir='ltr'><strong>id</strong></span> <span class='ocrx_word' id='word_1_208' title='bbox 983 3057 1070 3122; x_wconf 91' lang='lat' dir='ltr'><strong>ad</strong></span> <span class='ocrx_word' id='word_1_209' title='bbox 1125 3080 1264 3121; x_wconf 91' lang='lat' dir='ltr'><strong>nos</strong></span> <span class='ocrx_word' id='word_1_210' title='bbox 1321 3057 1520 3121; x_wconf 90' lang='lat' dir='ltr'><strong>nihil</strong></span> <span class='ocrx_word' id='word_1_211' title='bbox 1573 3058 1929 3140; x_wconf 88' lang='lat' dir='ltr'><strong>pertinet.</strong></span> <span class='ocrx_word' id='word_1_212' title='bbox 2014 3079 2137 3122; x_wconf 87' lang='lat' dir='ltr'><strong>auo</strong></span> <span class='ocrx_word' id='word_1_213' title='bbox 2193 3080 2448 3142; x_wconf 89' lang='lat' dir='ltr'><strong>quoque</strong></span> <span class='ocrx_word' id='word_1_214' title='bbox 2503 3058 2639 3123; x_wconf 89' lang='lat' dir='ltr'><strong>eius</strong></span> <span class='ocrx_word' id='word_1_215' title='bbox 2677 3080 2707 3126; x_wconf 85' lang='lat'>2</span> 
     </span>
    </p>

    <p class='ocr_par' dir='ltr' id='par_1_8' title="bbox 261 3163 2639 3676">
     <span class='ocr_line' id='line_1_26' title="bbox 261 3163 2639 3249; baseline -0.002 -17"><span class='ocrx_word' id='word_1_216' title='bbox 261 3191 313 3232; x_wconf 67' lang='grc' dir='ltr'>π</span> <span class='ocrx_word' id='word_1_217' title='bbox 342 3163 562 3246; x_wconf 84' lang='lat' dir='ltr'><strong>fulgur</strong></span> <span class='ocrx_word' id='word_1_218' title='bbox 606 3164 1000 3248; x_wconf 87' lang='lat' dir='ltr'><strong>procuranti,</strong></span> <span class='ocrx_word' id='word_1_219' title='bbox 1061 3187 1208 3231; x_wconf 90' lang='lat' dir='ltr'><strong>cum</strong></span> <span class='ocrx_word' id='word_1_220' title='bbox 1265 3169 1411 3230; x_wconf 82' lang='lat' dir='ltr'><strong>exta</strong></span> <span class='ocrx_word' id='word_1_221' title='bbox 1459 3164 1536 3229; x_wconf 88' lang='lat' dir='ltr'><strong>de</strong></span> <span class='ocrx_word' id='word_1_222' title='bbox 1581 3165 1881 3229; x_wconf 89' lang='lat' dir='ltr'><strong>manibus</strong></span> <span class='ocrx_word' id='word_1_223' title='bbox 1936 3163 2153 3247; x_wconf 86' lang='lat' dir='ltr'><strong>aquila</strong></span> <span class='ocrx_word' id='word_1_224' title='bbox 2214 3165 2530 3249; x_wconf 85' lang='lat' dir='ltr'><strong>rapuisset</strong></span> <span class='ocrx_word' id='word_1_225' title='bbox 2576 3171 2639 3228; x_wconf 87' lang='lat' dir='ltr'><strong>et</strong></span> 
     </span>
     <span class='ocr_line' id='line_1_27' title="bbox 343 3269 2637 3356; baseline 0.001 -22"><span class='ocrx_word' id='word_1_226' title='bbox 343 3269 410 3334; x_wconf 89' lang='lat' dir='ltr'><strong>in</strong></span> <span class='ocrx_word' id='word_1_227' title='bbox 466 3269 842 3355; x_wconf 82' lang='lat' dir='ltr'><strong>frugiferam</strong></span> <span class='ocrx_word' id='word_1_228' title='bbox 903 3292 1202 3354; x_wconf 87' lang='lat' dir='ltr'><strong>quercum</strong></span> <span class='ocrx_word' id='word_1_229' title='bbox 1265 3272 1671 3354; x_wconf 88' lang='lat' dir='ltr'><strong>contulisset,</strong></span> <span class='ocrx_word' id='word_1_230' title='bbox 1731 3293 2109 3356; x_wconf 90' lang='lat' dir='ltr'><strong>responsum</strong></span> <span class='ocrx_word' id='word_1_231' title='bbox 2170 3277 2269 3335; x_wconf 88' lang='lat' dir='ltr'><strong>est</strong></span> <span class='ocrx_word' id='word_1_232' title='bbox 2323 3293 2637 3336; x_wconf 88' lang='lat' dir='ltr'><strong>summum</strong></span> 
     </span>
     <span class='ocr_line' id='line_1_28' title="bbox 344 3375 2639 3463; baseline 0.001 -24"><span class='ocrx_word' id='word_1_233' title='bbox 344 3375 455 3440; x_wconf 88' lang='lat' dir='ltr'><strong>sed</strong></span> <span class='ocrx_word' id='word_1_234' title='bbox 501 3397 711 3440; x_wconf 87' lang='lat' dir='ltr'><strong>serum</strong></span> <span class='ocrx_word' id='word_1_235' title='bbox 753 3377 1088 3461; x_wconf 90' lang='lat' dir='ltr'><strong>imperium</strong></span> <span class='ocrx_word' id='word_1_236' title='bbox 1135 3377 1436 3461; x_wconf 88' lang='lat' dir='ltr'><strong>portendi</strong></span> <span class='ocrx_word' id='word_1_237' title='bbox 1473 3377 1785 3463; x_wconf 82' lang='lat' dir='ltr'><strong>familiae3</strong></span> <span class='ocrx_word' id='word_1_238' title='bbox 1830 3383 1895 3442; x_wconf 89' lang='lat' dir='ltr'><strong>et</strong></span> <span class='ocrx_word' id='word_1_239' title='bbox 1940 3377 2049 3442; x_wconf 89' lang='lat' dir='ltr'><strong>ille</strong></span> <span class='ocrx_word' id='word_1_240' title='bbox 2091 3377 2387 3442; x_wconf 88' lang='lat' dir='ltr'><strong>irridens:</strong></span> <span class='ocrx_word' id='word_1_241' title='bbox 2436 3399 2639 3462; x_wconf 87' lang='lat' dir='ltr'><strong>sane,</strong></span> 
     </span>
     <span class='ocr_line' id='line_1_29' title="bbox 343 3483 2638 3569; baseline 0.001 -22"><span class='ocrx_word' id='word_1_242' title='bbox 343 3484 583 3566; x_wconf 89' lang='lat' dir='ltr'><strong>inquit,</strong></span> <span class='ocrx_word' id='word_1_243' title='bbox 643 3505 802 3548; x_wconf 90' lang='lat' dir='ltr'><strong>cum</strong></span> <span class='ocrx_word' id='word_1_244' title='bbox 861 3484 1061 3548; x_wconf 85' lang='lat' dir='ltr'><strong>mula</strong></span> <span class='ocrx_word' id='word_1_245' title='bbox 1116 3486 1520 3568; x_wconf 82' lang='lat' dir='ltr'><strong>pepererit.</strong></span> <span class='ocrx_word' id='word_1_246' title='bbox 1602 3484 1769 3550; x_wconf 84' lang='lat' dir='ltr'><strong>nihil</strong></span> <span class='ocrx_word' id='word_1_247' title='bbox 1828 3507 2028 3568; x_wconf 82' lang='lat' dir='ltr'><strong>aeque</strong></span> <span class='ocrx_word' id='word_1_248' title='bbox 2086 3489 2315 3569; x_wconf 90' lang='lat' dir='ltr'><strong>postea</strong></span> <span class='ocrx_word' id='word_1_249' title='bbox 2374 3483 2638 3549; x_wconf 81' lang='lat' dir='ltr'><strong>Galbam</strong></span> 
     </span>
     <span class='ocr_line' id='line_1_30' title="bbox 345 3591 2639 3676; baseline 0.001 -23"><span class='ocrx_word' id='word_1_250' title='bbox 345 3593 764 3673; x_wconf 85' lang='lat' dir='ltr'><strong>temptantem</strong></span> <span class='ocrx_word' id='word_1_251' title='bbox 803 3613 904 3654; x_wconf 90' lang='lat' dir='ltr'><strong>res</strong></span> <span class='ocrx_word' id='word_1_252' title='bbox 941 3613 1144 3658; x_wconf 87' lang='lat' dir='ltr'><strong>nouas</strong></span> <span class='ocrx_word' id='word_1_253' title='bbox 1183 3593 1589 3656; x_wconf 87' lang='lat' dir='ltr'><strong>confirmauit</strong></span> <span class='ocrx_word' id='word_1_254' title='bbox 1625 3614 1821 3676; x_wconf 89' lang='lat' dir='ltr'><strong>quam</strong></span> <span class='ocrx_word' id='word_1_255' title='bbox 1857 3594 2069 3656; x_wconf 90' lang='lat' dir='ltr'><strong>mulae</strong></span> <span class='ocrx_word' id='word_1_256' title='bbox 2104 3597 2343 3676; x_wconf 75' lang='lat' dir='ltr'><strong>partus,</strong></span> <span class='ocrx_word' id='word_1_257' title='bbox 2390 3591 2639 3657; x_wconf 89' lang='lat' dir='ltr'><strong>ceteris-</strong></span> 
     </span>
    </p>
   </div>
   <div class='ocr_carea' id='block_1_3' title="bbox 500 3753 697 3760">
    <p class='ocr_par' dir='ltr' id='par_1_9' title="bbox 500 3753 697 3760">
     <span class='ocr_line' id='line_1_31' title="bbox 500 3753 697 3760; baseline 0 1449"><span class='ocrx_word' id='word_1_258' title='bbox 500 3753 697 3760; x_wconf 95' lang='lat' dir='ltr'><strong> </strong></span> 
     </span>
    </p>
   </div>
   <div class='ocr_carea' id='block_1_4' title="bbox 344 3853 2641 4648">
    <p class='ocr_par' dir='ltr' id='par_1_10' title="bbox 344 3853 2641 4648">
     <span class='ocr_line' id='line_1_32' title="bbox 487 3853 2639 3925; baseline 0.001 -18"><span class='ocrx_word' id='word_1_259' title='bbox 487 3861 520 3906; x_wconf 74' lang='lat'><em>2</em></span> <span class='ocrx_word' id='word_1_260' title='bbox 558 3853 747 3909; x_wconf 86' lang='lat' dir='ltr'><strong>studio</strong></span> <span class='ocrx_word' id='word_1_261' title='bbox 787 3855 914 3914; x_wconf 67' lang='lat'><strong>11¹3</strong></span> <span class='ocrx_word' id='word_1_262' title='bbox 949 3857 1186 3924; x_wconf 80' lang='lat' dir='ltr'><strong>(Bm-m.)</strong></span> <span class='ocrx_word' id='word_1_263' title='bbox 1330 3860 1364 3907; x_wconf 78' lang='lat'>4</span> <span class='ocrx_word' id='word_1_264' title='bbox 1401 3871 1571 3922; x_wconf 88' lang='lat' dir='ltr'><strong>quam</strong></span> <span class='ocrx_word' id='word_1_265' title='bbox 1609 3859 1735 3924; x_wconf 79' lang='lat' dir='ltr'><strong>(pro</strong></span> <span class='ocrx_word' id='word_1_266' title='bbox 1773 3859 2113 3925; x_wconf 86' lang='lat' dir='ltr'><strong>quanquam)</strong></span> <span class='ocrx_word' id='word_1_267' title='bbox 2150 3860 2207 3909; x_wconf 84' lang='lat' dir='ltr'><em>X</em></span> <span class='ocrx_word' id='word_1_268' title='bbox 2344 3863 2375 3910; x_wconf 84' lang='grc'><strong>6</strong></span> <span class='ocrx_word' id='word_1_269' title='bbox 2414 3857 2639 3911; x_wconf 84' lang='lat' dir='ltr'><strong>achaia—</strong></span> 
     </span>
     <span class='ocr_line' id='line_1_33' title="bbox 345 3934 2641 4004; baseline 0.002 -16"><span class='ocrx_word' id='word_1_270' title='bbox 345 3951 470 3988; x_wconf 87' lang='lat' dir='ltr'><strong>cam</strong></span> <span class='ocrx_word' id='word_1_271' title='bbox 511 3934 674 3988; x_wconf 76' lang='lat' dir='ltr'><strong>GLP</strong></span> <span class='ocrx_word' id='word_1_272' title='bbox 715 3941 764 3989; x_wconf 78' lang='lat' dir='ltr'><strong>et</strong></span> <span class='ocrx_word' id='word_1_273' title='bbox 811 3936 892 3990; x_wconf 76' lang='lat' dir='ltr'><strong>sic</strong></span> <span class='ocrx_word' id='word_1_274' title='bbox 936 3953 1070 3990; x_wconf 84' lang='lat' dir='ltr'><strong>corr.</strong></span> <span class='ocrx_word' id='word_1_275' title='bbox 1121 3939 1182 3989; x_wconf 73' lang='lat' dir='ltr'><strong>in</strong></span> <span class='ocrx_word' id='word_1_276' title='bbox 1221 3937 1303 4000; x_wconf 78' lang='lat' dir='ltr'><strong>R,</strong></span> <span class='ocrx_word' id='word_1_277' title='bbox 1351 3935 1607 3989; x_wconf 85' lang='lat' dir='ltr'><strong>achaiam</strong></span> <span class='ocrx_word' id='word_1_278' title='bbox 1646 3936 1799 4004; x_wconf 78' lang='lat' dir='ltr'><strong>HQS</strong></span> <span class='ocrx_word' id='word_1_279' title='bbox 1977 3943 2039 3989; x_wconf 93' lang='lat'><strong>11</strong></span> <span class='ocrx_word' id='word_1_280' title='bbox 2082 3936 2351 3990; x_wconf 85' lang='lat' dir='ltr'><strong>achaiaca</strong></span> <span class='ocrx_word' id='word_1_281' title='bbox 2388 3939 2439 3991; x_wconf 92' lang='lat' dir='ltr'><em>L</em></span> <span class='ocrx_word' id='word_1_282' title='bbox 2478 3945 2529 3991; x_wconf 82' lang='lat' dir='ltr'><strong>et</strong></span> <span class='ocrx_word' id='word_1_283' title='bbox 2562 3939 2641 3992; x_wconf 80' lang='lat' dir='ltr'><strong>sic</strong></span> 
     </span>
     <span class='ocr_line' id='line_1_34' title="bbox 344 4015 2641 4085; baseline 0 -16"><span class='ocrx_word' id='word_1_284' title='bbox 344 4031 480 4070; x_wconf 85' lang='lat' dir='ltr'><strong>corr.</strong></span> <span class='ocrx_word' id='word_1_285' title='bbox 526 4017 588 4068; x_wconf 71' lang='lat' dir='ltr'><strong>in</strong></span> <span class='ocrx_word' id='word_1_286' title='bbox 631 4016 702 4080; x_wconf 81' lang='lat' dir='ltr'><strong>R,</strong></span> <span class='ocrx_word' id='word_1_287' title='bbox 741 4015 942 4068; x_wconf 81' lang='lat' dir='ltr'><strong>achaia</strong></span> <span class='ocrx_word' id='word_1_288' title='bbox 991 4017 1096 4085; x_wconf 75' lang='lat' dir='ltr'><strong>HQ</strong></span> <span class='ocrx_word' id='word_1_289' title='bbox 1312 4021 1375 4068; x_wconf 83' lang='lat'><strong>12</strong></span> <span class='ocrx_word' id='word_1_290' title='bbox 1430 4017 1677 4085; x_wconf 82' lang='lat' dir='ltr'><strong>sergium</strong></span> <span class='ocrx_word' id='word_1_291' title='bbox 1709 4019 1777 4084; x_wconf 99' lang='grc' dir='ltr'><strong>Ω,</strong></span> <span class='ocrx_word' id='word_1_292' title='bbox 1830 4033 1967 4072; x_wconf 83' lang='lat' dir='ltr'><strong>corr.</strong></span> <span class='ocrx_word' id='word_1_293' title='bbox 2016 4018 2351 4082; x_wconf 76' lang='lat' dir='ltr'><strong>Glareanus,</strong></span> <span class='ocrx_word' id='word_1_294' title='bbox 2398 4019 2467 4083; x_wconf 79' lang='lat' dir='ltr'><strong>cf.</strong></span> <span class='ocrx_word' id='word_1_295' title='bbox 2505 4020 2537 4072; x_wconf 72' lang='grc' dir='ltr'><strong>ἶ.</strong></span> <span class='ocrx_word' id='word_1_296' title='bbox 2572 4023 2641 4070; x_wconf 86' lang='grc'><strong>19</strong></span> 
     </span>
     <span class='ocr_line' id='line_1_35' title="bbox 348 4094 2531 4167; baseline 0.002 -20"><span class='ocrx_word' id='word_1_297' title='bbox 348 4101 414 4147; x_wconf 87' lang='grc'><strong>13</strong></span> <span class='ocrx_word' id='word_1_298' title='bbox 453 4094 803 4150; x_wconf 83' lang='lat' dir='ltr'><strong>consulatum</strong></span> <span class='ocrx_word' id='word_1_299' title='bbox 845 4096 896 4150; x_wconf 79' lang='lat' dir='ltr'><strong><em>G</em></strong></span> <span class='ocrx_word' id='word_1_300' title='bbox 1019 4102 1081 4150; x_wconf 80' lang='lat'><strong>15</strong></span> <span class='ocrx_word' id='word_1_301' title='bbox 1122 4097 1235 4148; x_wconf 90' lang='lat' dir='ltr'><strong>Ser.</strong></span> <span class='ocrx_word' id='word_1_302' title='bbox 1268 4098 1354 4161; x_wconf 83' lang='lat' dir='ltr'><strong>M,</strong></span> <span class='ocrx_word' id='word_1_303' title='bbox 1393 4095 1621 4165; x_wconf 81' lang='lat' dir='ltr'><strong>Sergius</strong></span> <span class='ocrx_word' id='word_1_304' title='bbox 1658 4097 1751 4150; x_wconf 83' lang='lat' dir='ltr'><strong>rel.</strong></span> <span class='ocrx_word' id='word_1_305' title='bbox 1882 4097 2001 4165; x_wconf 75' lang='lat' dir='ltr'><strong>imp</strong></span> <span class='ocrx_word' id='word_1_306' title='bbox 2032 4097 2211 4163; x_wconf 84' lang='lat' dir='ltr'><strong>MPS,</strong></span> <span class='ocrx_word' id='word_1_307' title='bbox 2249 4098 2397 4167; x_wconf 62' lang='grc' dir='ltr'><strong>ἰωῇ-</strong></span> <span class='ocrx_word' id='word_1_308' title='bbox 2426 4098 2531 4151; x_wconf 83' lang='lat' dir='ltr'><strong>GL</strong></span> 
     </span>
     <span class='ocr_line' id='line_1_36' title="bbox 347 4173 2641 4245; baseline 0.002 -17"><span class='ocrx_word' id='word_1_309' title='bbox 347 4173 468 4245; x_wconf 90' lang='lat' dir='ltr'><strong>Cn.]</strong></span> <span class='ocrx_word' id='word_1_310' title='bbox 515 4173 702 4230; x_wconf 78' lang='lat' dir='ltr'><strong>debuit</strong></span> <span class='ocrx_word' id='word_1_311' title='bbox 736 4175 795 4228; x_wconf 89' lang='lat' dir='ltr'><strong>L.</strong></span> <span class='ocrx_word' id='word_1_312' title='bbox 998 4182 1060 4229; x_wconf 79' lang='grc'><strong>17</strong></span> <span class='ocrx_word' id='word_1_313' title='bbox 1109 4177 1448 4229; x_wconf 84' lang='lat' dir='ltr'><strong>terracinam</strong></span> <span class='ocrx_word' id='word_1_314' title='bbox 1487 4179 1555 4240; x_wconf 90' lang='grc' dir='ltr'><strong>Ω,</strong></span> <span class='ocrx_word' id='word_1_315' title='bbox 1594 4179 1662 4243; x_wconf 79' lang='lat' dir='ltr'><strong>cf.</strong></span> <span class='ocrx_word' id='word_1_316' title='bbox 1712 4178 1825 4231; x_wconf 70' lang='lat' dir='ltr'><strong>Tib.</strong></span> <span class='ocrx_word' id='word_1_317' title='bbox 1857 4181 1930 4231; x_wconf 89' lang='lat'><strong>39</strong></span> <span class='ocrx_word' id='word_1_318' title='bbox 2148 4178 2472 4232; x_wconf 85' lang='lat' dir='ltr'><strong>sinistrosus</strong></span> <span class='ocrx_word' id='word_1_319' title='bbox 2512 4178 2641 4232; x_wconf 82' lang='lat' dir='ltr'><strong>MR</strong></span> 
     </span>
     <span class='ocr_line' id='line_1_37' title="bbox 347 4255 2635 4323; baseline 0.001 -14"><span class='ocrx_word' id='word_1_320' title='bbox 347 4257 446 4322; x_wconf 78' lang='lat' dir='ltr'><strong>(sic</strong></span> <span class='ocrx_word' id='word_1_321' title='bbox 472 4255 696 4322; x_wconf 63' lang='lat' dir='ltr'><strong>Suet.?,)‚</strong></span> <span class='ocrx_word' id='word_1_322' title='bbox 725 4255 980 4310; x_wconf 88' lang='lat' dir='ltr'><strong>sinistros</strong></span> <span class='ocrx_word' id='word_1_323' title='bbox 1008 4258 1082 4322; x_wconf 92' lang='grc' dir='ltr'><strong>Π,</strong></span> <span class='ocrx_word' id='word_1_324' title='bbox 1113 4257 1492 4310; x_wconf 85' lang='lat' dir='ltr'><strong>sinistrorsum</strong></span> <span class='ocrx_word' id='word_1_325' title='bbox 1526 4257 1639 4310; x_wconf 84' lang='lat' dir='ltr'><strong>GT</strong></span> <span class='ocrx_word' id='word_1_326' title='bbox 1777 4263 1843 4311; x_wconf 84' lang='lat'><strong>18</strong></span> <span class='ocrx_word' id='word_1_327' title='bbox 1870 4257 2011 4310; x_wconf 84' lang='lat' dir='ltr'><strong>liuia</strong></span> <span class='ocrx_word' id='word_1_328' title='bbox 2040 4260 2108 4323; x_wconf 87' lang='grc' dir='ltr'><strong>Ω,</strong></span> <span class='ocrx_word' id='word_1_329' title='bbox 2139 4257 2287 4310; x_wconf 91' lang='lat' dir='ltr'><strong>Liuii</strong></span> <span class='ocrx_word' id='word_1_330' title='bbox 2318 4277 2351 4316; x_wconf 82' lang='grc' dir='ltr'><em>ς</em></span> <span class='ocrx_word' id='word_1_331' title='bbox 2378 4259 2635 4312; x_wconf 81' lang='lat' dir='ltr'><strong>Beroald.</strong></span> 
     </span>
     <span class='ocr_line' id='line_1_38' title="bbox 347 4335 2638 4407; baseline 0.001 -20"><span class='ocrx_word' id='word_1_332' title='bbox 347 4335 492 4404; x_wconf 81' lang='lat' dir='ltr'><strong>(Liui</strong></span> <span class='ocrx_word' id='word_1_333' title='bbox 531 4337 720 4405; x_wconf 69' lang='lat' dir='ltr'><strong>Roth),</strong></span> <span class='ocrx_word' id='word_1_334' title='bbox 776 4335 1002 4389; x_wconf 88' lang='lat' dir='ltr'><strong>Liuium</strong></span> <span class='ocrx_word' id='word_1_335' title='bbox 1040 4338 1334 4403; x_wconf 74' lang='lat' dir='ltr'><strong>Heinsius,</strong></span> <span class='ocrx_word' id='word_1_336' title='bbox 1391 4336 1693 4390; x_wconf 84' lang='lat' dir='ltr'><strong>Liuianum</strong></span> <span class='ocrx_word' id='word_1_337' title='bbox 1730 4339 1960 4407; x_wconf 75' lang='lat' dir='ltr'><strong>Bentley</strong></span> <span class='ocrx_word' id='word_1_338' title='bbox 2104 4336 2344 4391; x_wconf 82' lang='lat' dir='ltr'><strong>Ocellare</strong></span> <span class='ocrx_word' id='word_1_339' title='bbox 2382 4337 2638 4407; x_wconf 71' lang='lat' dir='ltr'><strong>(occelh-</strong></span> 
     </span>
     <span class='ocr_line' id='line_1_39' title="bbox 345 4414 2638 4486; baseline 0.001 -18"><span class='ocrx_word' id='word_1_340' title='bbox 345 4432 404 4469; x_wconf 90' lang='lat' dir='ltr'><strong>re</strong></span> <span class='ocrx_word' id='word_1_341' title='bbox 435 4417 569 4485; x_wconf 84' lang='lat' dir='ltr'><strong>HT)</strong></span> <span class='ocrx_word' id='word_1_342' title='bbox 605 4418 675 4482; x_wconf 87' lang='grc' dir='ltr'><strong>Ω,</strong></span> <span class='ocrx_word' id='word_1_343' title='bbox 715 4414 938 4470; x_wconf 84' lang='lat' dir='ltr'><strong>Ocellae</strong></span> <span class='ocrx_word' id='word_1_344' title='bbox 976 4417 1054 4470; x_wconf 83' lang='lat' dir='ltr'><strong>ed.</strong></span> <span class='ocrx_word' id='word_1_345' title='bbox 1095 4418 1274 4471; x_wconf 77' lang='lat' dir='ltr'><strong>Basil.</strong></span> <span class='ocrx_word' id='word_1_346' title='bbox 1307 4421 1448 4470; x_wconf 86' lang='lat'><strong><em>1533</em></strong></span> <span class='ocrx_word' id='word_1_347' title='bbox 1483 4418 1649 4484; x_wconf 78' lang='lat' dir='ltr'><strong>(Roth</strong></span> <span class='ocrx_word' id='word_1_348' title='bbox 1686 4420 1781 4486; x_wconf 79' lang='lat' dir='ltr'><strong>al.)</strong></span> <span class='ocrx_word' id='word_1_349' title='bbox 1961 4424 2026 4471; x_wconf 84' lang='lat'><strong>19</strong></span> <span class='ocrx_word' id='word_1_350' title='bbox 2066 4418 2248 4486; x_wconf 82' lang='lat' dir='ltr'><strong>sergio</strong></span> <span class='ocrx_word' id='word_1_351' title='bbox 2281 4421 2350 4482; x_wconf 83' lang='grc' dir='ltr'><strong>Ω,</strong></span> <span class='ocrx_word' id='word_1_352' title='bbox 2387 4419 2456 4484; x_wconf 77' lang='lat' dir='ltr'><strong>ef.</strong></span> <span class='ocrx_word' id='word_1_353' title='bbox 2498 4419 2531 4472; x_wconf 76' lang='lat'><strong>1.</strong></span> <span class='ocrx_word' id='word_1_354' title='bbox 2570 4423 2638 4471; x_wconf 71' lang='lat'><strong>12</strong></span> 
     </span>
     <span class='ocr_line' id='line_1_40' title="bbox 347 4497 2639 4566; baseline 0.002 -18"><span class='ocrx_word' id='word_1_355' title='bbox 347 4502 412 4548; x_wconf 76' lang='lat'><strong>22</strong></span> <span class='ocrx_word' id='word_1_356' title='bbox 444 4497 1035 4564; x_wconf 70' lang='grc' dir='ltr'>ΠὰΡὰΤΡωΖΗ(-ΖΕ</span> <span class='ocrx_word' id='word_1_357' title='bbox 1075 4498 1152 4565; x_wconf 84' lang='grc' dir='ltr'><strong>Ρ)</strong></span> <span class='ocrx_word' id='word_1_358' title='bbox 1188 4500 1257 4562; x_wconf 86' lang='grc' dir='ltr'><strong>Ω,</strong></span> <span class='ocrx_word' id='word_1_359' title='bbox 1295 4513 1430 4551; x_wconf 79' lang='lat' dir='ltr'><strong>corr.</strong></span> <span class='ocrx_word' id='word_1_360' title='bbox 1468 4498 1755 4552; x_wconf 75' lang='lat' dir='ltr'><strong>Turnebus</strong></span> <span class='ocrx_word' id='word_1_361' title='bbox 1782 4499 2099 4566; x_wconf 75' lang='lat' dir='ltr'><strong>praeferens</strong></span> <span class='ocrx_word' id='word_1_362' title='bbox 2135 4505 2315 4552; x_wconf 72' lang='lat' dir='ltr'><strong>tamen</strong></span> <span class='ocrx_word' id='word_1_363' title='bbox 2350 4515 2473 4552; x_wconf 79' lang='lat' dir='ltr'><strong>cum</strong></span> <span class='ocrx_word' id='word_1_364' title='bbox 2508 4500 2639 4553; x_wconf 76' lang='lat' dir='ltr'><strong>aliis</strong></span> 
     </span>
     <span class='ocr_line' id='line_1_41' title="bbox 345 4575 2503 4648; baseline 0.002 -20"><span class='ocrx_word' id='word_1_365' title='bbox 345 4575 672 4647; x_wconf 76' lang='grc' dir='ltr'><strong><em>παραγεύσῃ</em></strong></span> <span class='ocrx_word' id='word_1_366' title='bbox 709 4594 736 4630; x_wconf 82' lang='lat' dir='ltr'><strong>e</strong></span> <span class='ocrx_word' id='word_1_367' title='bbox 771 4577 956 4631; x_wconf 69' lang='lat' dir='ltr'><strong>Dione</strong></span> <span class='ocrx_word' id='word_1_368' title='bbox 984 4581 1070 4642; x_wconf 76' lang='lat'><strong>64,</strong></span> <span class='ocrx_word' id='word_1_369' title='bbox 1091 4582 1122 4630; x_wconf 88' lang='lat'><em>1</em></span> <span class='ocrx_word' id='word_1_370' title='bbox 1162 4577 1352 4648; x_wconf 79' lang='grc' dir='ltr'>(γεύσῃ</span> <span class='ocrx_word' id='word_1_371' title='bbox 1391 4577 1506 4632; x_wconf 71' lang='lat' dir='ltr'><strong>Dio</strong></span> <span class='ocrx_word' id='word_1_372' title='bbox 1543 4581 1630 4643; x_wconf 87' lang='lat'><strong>57,</strong></span> <span class='ocrx_word' id='word_1_373' title='bbox 1662 4581 1751 4646; x_wconf 90' lang='lat'><strong>19)</strong></span> <span class='ocrx_word' id='word_1_374' title='bbox 1894 4583 1963 4630; x_wconf 74' lang='lat'><strong>2⁶</strong></span> <span class='ocrx_word' id='word_1_375' title='bbox 1999 4578 2330 4647; x_wconf 80' lang='lat' dir='ltr'><strong>frugiferum</strong></span> <span class='ocrx_word' id='word_1_376' title='bbox 2371 4580 2503 4634; x_wconf 68' lang='grc'><strong>111611</strong></span> 
     </span>
    </p>
   </div>
   <div class='ocr_carea' id='block_1_5' title="bbox 452 4673 2210 4721">
    <p class='ocr_par' dir='ltr' id='par_1_11' title="bbox 452 4673 2210 4721">
     <span class='ocr_line' id='line_1_42' title="bbox 452 4673 2210 4721; baseline 0 -7"><span class='ocrx_word' id='word_1_377' title='bbox 452 4673 725 4714; x_wconf 71' lang='lat' dir='ltr'><strong>Svrromvs</strong></span> <span class='ocrx_word' id='word_1_378' title='bbox 754 4675 824 4715; x_wconf 83' lang='lat' dir='ltr'><strong>ed.</strong></span> <span class='ocrx_word' id='word_1_379' title='bbox 853 4675 986 4715; x_wconf 83' lang='lat' dir='ltr'><strong>Ihm.</strong></span> <span class='ocrx_word' id='word_1_380' title='bbox 1041 4677 1077 4715; x_wconf 92' lang='lat'><strong>1.</strong></span> <span class='ocrx_word' id='word_1_381' title='bbox 2146 4673 2210 4721; x_wconf 89' lang='lat'><strong>18</strong></span> 
     </span>
    </p>
   </div>
  </div>
 </body>
</html>
