3259 5209
1054 456 1271 511 Dlvvs
1311 457 1549 511 IVLIVS
1589 469 1719 518 [eff.
1751 469 1927 518 85-89]
2553 458 2642 520 47

339 618 684 704 secrato[s]
732 619 790 684 ei
838 618 1022 684 heres
1059 620 1395 706 Augustus
1433 620 1679 705 edebat,
1728 620 1914 685 stella
1951 621 2181 684 crinita
2229 642 2344 707 per
2389 625 2635 704 septem

338 726 683 790 continuos
732 725 865 791 dies
912 725 1095 792 fulsit
1142 727 1435 791 exoriens
1484 729 1652 792 circa
1698 727 2096 792 undecimam
2138 727 2394 811 horam,
2441 728 2638 792 credi—

340 838 611 916 tumque
663 836 766 896 est
819 834 1098 897 animam
1155 856 1293 899 esse
1342 833 1629 900 Caesaris
1678 836 1744 899 in
1792 835 2036 898 caelum
2085 836 2352 918 recepti3
2409 838 2473 897 et
2517 834 2636 897 hac

340 938 419 1002 de
465 960 657 1003 causa
703 939 1048 1005 simulacro
1096 942 1231 1005 eius
1279 942 1347 1005 in
1392 942 1637 1005 uertice
1684 941 1940 1006 additur
1987 941 2186 1005 stella.

285 1071 310 1110 5
519 1044 804 1131 Curiam,
880 1047 947 1111 in
1014 1068 1141 1130 qua
1205 1048 1454 1116 occisus
1518 1051 1645 1130 est,
1720 1046 1970 1111 obstrui
2046 1049 2289 1132 placuit
2355 1047 2637 1131 Idusque

338 1152 606 1217 Martias
651 1152 1071 1217 Parricidium
1120 1155 1460 1238 nominari,
1506 1176 1580 1218 ac
1624 1175 1707 1218 ne
1754 1177 2059 1236 umquam
2108 1175 2184 1218 eo
2231 1154 2333 1218 die
2379 1161 2636 1219 senatus

338 1265 654 1345 ageretur.
744 1282 1195 1343 percussorum
1250 1264 1463 1325 autem
1520 1261 1654 1325 fere
1699 1283 1909 1344 neque
1955 1262 2232 1325 triennio
2283 1262 2625 1344 quisquam
2649 1258 2747 1322 89

339 1367 617 1451 amplius
673 1368 1031 1451 superuixit
1077 1388 1289 1451 neque
1343 1391 1457 1431 sua
1504 1372 1712 1432 morte
1760 1367 2097 1432 defunctus
2153 1372 2266 1432 est.
2350 1369 2634 1431 damnati

340 1495 562 1537 omnes
622 1473 786 1539 alius
846 1474 973 1539 alio
1034 1496 1183 1539 casu
1244 1474 1461 1558 periit,
1522 1496 1672 1559 pars
1729 1474 2095 1560 naufragi0‚
2155 1497 2304 1559 pars
2359 1475 2634 1559 proeli03

258 1604 310 1642 ιο
336 1579 636 1644 nonnulli
681 1587 879 1645 semet
916 1581 1137 1645 eodem
1178 1581 1289 1645 illo
1328 1584 1625 1666 pugione,
1668 1605 1800 1664 quo
1842 1582 2172 1646 Caesarem
2212 1582 2636 1664 uiolauerant,

339 1688 817 1751 interemerunt.

486 1860 512 1906 ‘a’
562 1857 629 1920 cf.
674 1856 903 1922 CapItol.
949 1856 1113 1907 Gord.
1148 1859 1290 1918 3224
1338 1854 1488 1922 quod
1529 1854 1596 1907 de
1638 1854 1693 1907 C.
1727 1854 1961 1908 Caesare
2009 1856 2310 1909 memoriae
2359 1856 2633 1909 traditum

340 1938 443 1999 est,
493 1935 594 1987 hoc
643 1935 815 1988 etiam
865 1935 934 1988 de
974 1934 1255 1988 Gordiano
1308 1934 1519 1987 Cordus
1566 1935 1820 1988 euenisse
1868 1935 2178 2000 perscribit.
2254 1952 2385 1988 nam
2422 1952 2633 1999 omme,

339 2015 677 2084 quicumque
708 2014 867 2067 illum
898 2014 1088 2082 gladio
1120 2015 1534 2083 adpetiuerunt·‚
1565 2016 1662 2081 qui
1693 2032 1893 2067 nouem
1925 2014 2097 2068 fuisse
2128 2015 2404 2083 dicuntur,
2435 2021 2638 2084 postea

339 2095 728 2164 ’tinteremptis
766 2112 799 2149 a
837 2095 1114 2164 Philippis
1152 2094 1493 2164 (interempti
1533 2098 1665 2147 sunt
1702 2111 1736 2147 a
1774 2094 2049 2163 Philippis
2099 2099 2196 2149 aut
2237 2098 2491 2165 Madviq)
2531 2113 2632 2148 sua

337 2192 509 2228 manu
548 2177 773 2244 suisque
810 2175 1017 2244 gladiis
1056 2179 1113 2229 et
1151 2175 1355 2241 isdem,
1399 2175 1603 2242 quibus
1642 2175 1800 2227 illum
1838 2180 2244 2244 percusserant,
2283 2177 2632 2230 interemisse

338 2260 483 2323 (se)
523 2255 797 2324 (interisse
836 2256 1007 2326 uuly.)
1049 2255 1325 2310 dicuntur.

484 2422 514 2468 3
554 2419 612 2468 et
657 2433 755 2470 om.
798 2414 870 2467 X'
911 2415 1060 2481 (add.
1101 2415 1190 2483 8²)
1335 2423 1366 2469 8
1406 2421 1490 2469 est
1536 2434 1636 2470 om.
1684 2418 1732 2468 V

479 2498 681 2551 subscr.
733 2514 776 2549 c.
818 2496 1038 2549 suetoni
1084 2494 1379 2564 tranquilli
1427 2496 1495 2549 de
1544 2496 1667 2551 uita
1712 2501 1906 2550 caesai·
1942 2497 2085 2549 liber
2122 2497 2333 2565 primus
2363 2496 2505 2565 expl.
2547 2495 2623 2548 iu·

338 2576 481 2646 cipit
518 2575 682 2629 diuus
722 2579 993 2645 augustus
1031 2575 1175 2629 liber
1213 2576 1489 2630 secundus
1529 2576 1770 2630 feliciter
1802 2579 1872 2631 M
1906 2584 1954 2630 et
1995 2580 2117 2630 item
2153 2579 2265 2643 fere
2299 2578 2343 2629 V
2378 2578 2474 2643 qui
2501 2577 2627 2629 add.

339 2673 530 2720 amen,
566 2658 684 2710 sim.
718 2658 890 2710 ΡΟΤ
932 2655 1195 2724 (feliciter
1230 2674 1328 2709 om.
1366 2658 1497 2721 OT,
1534 2657 1792 2710 oet-auius
1823 2675 1930 2725 pro
1967 2657 2132 2710 diuus
2171 2659 2442 2723 augustus
2477 2660 2541 2723 (l)

338 2736 510 2789 iulius
549 2753 705 2807 cesar
741 2735 986 2804 explicit.
1027 2735 1226 2805 incipit
1263 2736 1427 2788 diuus
1467 2741 1738 2805 augustus
1772 2739 1821 2791 G
1967 2736 2199 2805 explicit
2226 2736 2371 2789 liber
2399 2737 2627 2804 primus.

337 2817 542 2885 incipit
561 2817 630 2869 de
650 2816 783 2869 diuo
804 2816 895 2884 (de
916 2816 1048 2869 diuo
1068 2833 1167 2869 om.
1190 2819 1232 2870 S
1247 2819 1315 2884 T)
1349 2816 1491 2869 liber
1511 2818 1784 2870 secundus
1809 2821 1824 2883 1<
1829 2818 1897 2868 dc
1918 2817 2215 2870 octauiano
2237 2817 2363 2869 add.
2397 2819 2464 2885 T)
2488 2817 2581 2868 Ls
2592 2817 2641 2867 '1‘
