3259 5209
1219 472 1420 527 NERO
1457 484 1590 534 [cn.
1617 485 1797 534 ω-ιε]
2520 472 2653 538 265

355 642 578 721 posset
641 636 1048 701 miseratione
1109 636 1362 700 ueniam
1428 638 1919 720 praeteritorum
1973 640 2368 720 precaretur,
2440 657 2517 700 ac
2582 638 2651 700 ni

355 743 642 808 flexisset
677 744 946 826 animos,
989 743 1096 808 uel
1131 742 1415 829 Aegypti
1449 743 1919 826 praefecturam
1956 743 2221 808 concedi
2258 741 2382 806 sibi
2423 748 2647 808 oraret.

356 852 660 915 inuentus
707 853 808 914 est
839 854 1066 934 postea
1109 849 1180 914 in
1223 849 1461 914 scrinio
1507 852 1645 914 eius
1682 849 1804 914 hac
1838 849 1917 914 de
1954 871 2024 914 re
2060 871 2270 914 sermo
2308 849 2651 934 formatus;

357 958 470 1022 sed
525 958 900 1022 deterritum
958 960 1216 1039 putant,
1273 978 1354 1021 ne
1411 957 1590 1040 prius
1654 977 1844 1038 quam
1900 956 1970 1021 in
2020 957 2235 1020 forum
2290 959 2653 1040 perueniret

303 1088 329 1127 5
357 1064 836 1147 discerperetur.

539 1169 646 1235 Sic
691 1171 1080 1254 cogitatione
1125 1171 1194 1234 in
1239 1175 1565 1254 posterum
1613 1169 1781 1234 diem
1827 1169 2028 1234 dilata
2071 1170 2151 1233 ad
2196 1171 2471 1234 mediam
2518 1169 2653 1234 fere
2690 1185 2725 1233 8

355 1283 614 1342 noctem
673 1279 1010 1358 excitatus,
1071 1281 1144 1340 ut
1197 1279 1510 1360 comperit
1563 1279 1905 1341 stationem
1962 1277 2246 1341 militum
2300 1278 2654 1360 recessisse,

357 1385 658 1467 prosiluit
703 1406 740 1447 e
782 1385 950 1448 lecto
995 1384 1299 1466 misitque
1343 1385 1582 1448 circum
1619 1384 1883 1464 amicos,
1930 1387 1995 1448 et
2031 1385 2185 1467 quia
2218 1383 2385 1448 nihil
2422 1405 2461 1446 a
2498 1405 2653 1467 quo-

359 1513 556 1574 quam
591 1489 1094 1572 renuntiabatur,
1131 1492 1270 1573 ipse
1305 1511 1450 1554 cum
1488 1491 1709 1574 paucis
1736 1490 2020 1573 hospitia
2046 1491 2449 1575 singulorum
2479 1490 2652 1556 adiit.

277 1619 331 1660 ιο
357 1619 583 1661 nerum
645 1599 878 1662 clausis
939 1598 1226 1660 omnium
1287 1596 1560 1678 thriburi,
1619 1597 2045 1680 respondente
2100 1596 2309 1680 nu110,
2364 1599 2433 1662 in
2478 1597 2653 1662 cubi-

359 1703 576 1769 culum
621 1704 830 1786 rediit,
873 1703 1044 1768 unde
1087 1705 1217 1768 iam
1263 1707 1328 1768 et
1369 1704 1665 1767 custodes
1704 1703 2107 1790 diffugerant,
2154 1703 2420 1787 direptis
2458 1705 2653 1767 etiam

361 1811 684 1896 stragulis,
729 1814 945 1875 amota
989 1815 1054 1874 et
1106 1809 1342 1894 pyxide
1387 1812 1647 1894 ueneni3
1702 1812 2045 1874 aestatim
2095 1809 2429 1893 Spiculum
2486 1833 2651 1876 mur-

361 1917 692 1982 millonem
729 1916 836 1981 uel
883 1916 1233 1999 quemlibet
1279 1916 1480 1980 alium
1527 1938 1985 2000 percussorem,
2032 1917 2213 1980 cuius
2250 1938 2447 1981 manu
2488 1919 2651 2000 peri-

359 2029 474 2105 ret,
519 2025 813 2107 requisiit
851 2028 914 2086 et
953 2026 1207 2087 nemine
1244 2028 1525 2107 reperto:
1572 2045 1755 2108 ergo
1804 2045 1969 2110 eg0,
2014 2025 2245 2107 inquit,
2290 2045 2427 2088 nec
2472 2026 2653 2088 ami-

279 2151 332 2191 ιε
363 2153 526 2196 cum
571 2130 812 2194 habeo
857 2151 994 2194 nec
1037 2131 1476 2194 inimicum?
1533 2133 2002 2214 procuri-itque,
2050 2131 2232 2213 quasi
2278 2131 2652 2213 praecipita·

361 2241 545 2300 turus
591 2257 658 2300 se
705 2239 774 2300 in
819 2235 1118 2301 Tiberim.
1193 2237 1303 2300 sed
1349 2242 1649 2301 reuocato
1697 2259 1916 2300 rursus
1973 2240 2221 2321 impetu
2265 2235 2511 2320 aliquid
2556 2259 2649 2300 se·
2662 2229 2759 2297 48

362 2345 654 2408 cretioris
697 2342 980 2407 latebrae
1025 2342 1106 2406 ad
1151 2342 1584 2428 colligendum
1627 2345 1911 2407 animum
1952 2343 2356 2426 desiderauit,
2402 2348 2466 2407 et
2504 2343 2655 2408 offe·

359 2455 538 2514 rente
597 2449 888 2514 Phaonte
945 2449 1178 2514 liberto
1238 2449 1676 2514 suburbanum
1737 2472 1925 2514 suum
1988 2452 2158 2515 inter
2220 2449 2530 2515 Salariam
2592 2455 2657 2514 et

361 2555 834 2622 Nomentanam
897 2556 1070 2621 uiam
1134 2558 1300 2620 circa
1364 2561 1666 2640 quartum
1726 2554 2104 2642 miliarium,
2162 2562 2236 2621 ut
2291 2562 2429 2622 erat
2482 2557 2655 2622 nudo

277 2683 336 2724 20
361 2663 521 2746 pede
579 2667 772 2746 atque
832 2663 1184 2744 tunicatus,
1241 2663 1584 2746 paenulam
1642 2662 1917 2727 obsoleti
1963 2663 2195 2728 coloris
2252 2664 2655 2747 superinduit

361 2769 794 2853 adopertoque
840 2771 1047 2852 capite
1095 2775 1158 2833 et
1203 2775 1351 2834 ante
1396 2769 1624 2834 faciem
1675 2773 1939 2854 optento
1988 2772 2242 2835 sudario
2282 2794 2516 2854 equum
2565 2773 2657 2835 in·

363 2875 608 2940 scendit
654 2880 959 2959 quattuor
997 2876 1150 2940 solis
1191 2878 1664 2958 comitantibus,
1712 2879 1878 2940 inter
1918 2899 2079 2960 quos
2118 2883 2182 2941 et
2219 2875 2462 2961 Sporus
2502 2881 2653 2941 erat.

357 2985 708 3066 statimque
753 2987 1031 3047 tremore
1076 2987 1282 3047 terrae
1330 2989 1392 3046 et
1437 2983 1694 3069 fulgure
1732 2984 2000 3049 aduerso
2039 2985 2413 3068 pauefactus
2452 2984 2655 3048 audiit
2694 2994 2729 3041 2

360 3111 397 3153 e
442 3091 754 3172 proximis
802 3090 1028 3152 castris
1076 3089 1418 3154 clamorem
1467 3090 1747 3154 militum
1796 3096 1861 3154 et
1914 3091 2037 3155 sibi
2084 3092 2353 3155 aduersa
2399 3095 2463 3155 et
2510 3089 2654 3155 Gal-

279 3215 332 3256 sa
357 3195 477 3259 bae
523 3216 831 3278 prospera
877 3196 1331 3279 ominantium,
1391 3195 1586 3260 etiam
1644 3219 1723 3260 ex
1780 3196 1990 3261 obuiis
2047 3197 2406 3263 uiatoribus
2464 3220 2657 3281 quen-

361 3303 505 3366 dam
545 3301 885 3367 dicentem:
923 3303 1002 3366 hi
1039 3302 1418 3367 Neronem
1457 3308 2055 3387 persequuntur,
2092 3304 2291 3368 alium
2329 3305 2655 3368 sciscitan-
2718 3315 2725 3322 '

507 3481 572 3529 13
611 3477 765 3544 Epit.
797 3482 849 3544 5,
875 3481 909 3531 7
955 3495 1082 3531 cum
1130 3493 1264 3532 sane
1303 3478 1458 3547 prius
1507 3478 1661 3532 nullo
1710 3482 1959 3547 reperto,
2008 3495 2043 3532 a
2079 3495 2189 3548 quo
2226 3479 2512 3545 feriretur,
2563 3496 2653 3533 ex-

362 3555 660 3610 clamaret:
691 3556 870 3610 ‘itane
899 3574 1002 3612 nec
1031 3557 1274 3612 amicum
1302 3557 1487 3611 habeo
1515 3576 1619 3614 nec
1649 3558 1941 3614 inimicum
1952 3561 1999 3614 ‘?’
2030 3561 2101 3626 cf.
2134 3559 2317 3615 Victor
2340 3561 2487 3616 caes.
2510 3565 2563 3625 5,
2583 3565 2659 3614 16

361 3635 616 3690 desertus
644 3637 894 3706 undique
925 3678 937 3691 .
960 3679 972 3692 .
995 3680 1008 3692 .
1039 3654 1166 3691 cum
1195 3638 1502 3707 implorans
1531 3655 1915 3707 percussorem
1943 3639 2043 3692 diu
2070 3656 2143 3694 ne
2162 3641 2237 3693 ad
2265 3643 2504 3693 mortem
2530 3639 2655 3706 qui-

363 3716 492 3769 dem
525 3715 822 3770 meruisset
857 3717 1118 3771 officium.
1289 3723 1350 3772 17
1392 3720 1630 3787 Eutrop.
1664 3720 1784 3773 VII
1808 3725 1894 3786 15,
1915 3726 1945 3774 1
1985 3736 2015 3773 e
2052 3718 2277 3774 Palatio
2313 3719 2465 3790 fugit
2502 3723 2560 3772 et
2597 3719 2657 3772 iu

362 3796 684 3850 suburbano
731 3813 790 3850 se
837 3795 1027 3850 liberti
1075 3797 1189 3865 sui,
1237 3799 1386 3865 quod
1433 3799 1580 3852 inter
1628 3798 1907 3852 Salariam
1956 3802 2013 3852 et
2050 3799 2463 3853 Nomentanam
2500 3799 2657 3853 uiam

363 3876 438 3928 ad
487 3879 752 3945 quartum
797 3877 952 3930 urbis
998 3876 1305 3931 miliarium
1361 3882 1471 3943 est,
1518 3878 1806 3932 interfecit
1859 3881 1949 3947 (cf.
1992 3881 2151 3934 Hier.
2188 3881 2374 3934 chron.
2414 3898 2465 3933 a.
2503 3884 2655 3933 2084

365 3957 514 4011 Oros.
549 3957 671 4010 VII
693 3961 742 4022 7,
763 3961 853 4026 13)
964 3964 1032 4011 22
1061 3959 1217 4026 Epit.
1249 3963 1300 4023 5,
1323 3962 1358 4011 '7
1394 3958 1649 4012 desertus
1677 3959 1927 4026 undique
1955 3959 2138 4013 noctis
2171 3959 2357 4012 medio
2396 3975 2655 4028 egressus

361 4035 554 4090 urbem
583 4037 947 4106 sequentibus
975 4038 1219 4104 Phaone,
1248 4038 1635 4108 Epaphrodito
1658 4038 2069 4108 Neophytoque
2099 4042 2156 4092 et
2184 4038 2435 4108 spadone
2461 4039 2650 4107 Sporo.

505 4201 532 4250 1
573 4200 932 4265 peccatorum
963 4204 1088 4265 post
1121 4198 1552 4267 praeteritorum
1591 4199 1718 4252 add.
1757 4202 1804 4251 Y
1952 4198 2061 4252 nisi
2102 4199 2206 4269 HQ
2356 4203 2389 4250 8
2427 4200 2514 4251 est
2550 4214 2649 4250 om.

361 4275 496 4347 11²0
640 4283 672 4328 4
699 4277 760 4330 in
788 4295 890 4332 om.
910 4282 968 4332 X
991 4280 1124 4347 (non
1149 4279 1220 4346 T)
1351 4284 1384 4331 6
1408 4278 1601 4332 delata
1627 4279 1715 4332 ΤΗ
1855 4284 1887 4333 8
1916 4278 2164 4348 prosiliit
2182 4277 2308 4334 S²T
2442 4277 2652 4330 circum

360 4357 524 4429 (ad)
551 4359 784 4428 ,Bentley
822 4358 998 4426 (misit
1033 4358 1132 4426 qui
1169 4358 1410 4412 citarent
1438 4375 1486 4412 a.
1519 4359 1605 4427 N)
1754 4365 1817 4412 11
1860 4359 2195 4428 defugerant
2222 4359 2278 4425 S,
2315 4357 2578 4426 fugerant
2600 4357 2651 4410 G

363 4441 429 4488 14
465 4437 766 4504 requisiuit
803 4437 986 4503 GTN,
1022 4438 1284 4506 inquisiit
1317 4440 1366 4493 T
1539 4439 1697 4509 ergo]
1735 4455 1841 4506 ego
1873 4439 1924 4492 G
2106 4444 2169 4492 21
2211 4439 2444 4493 obtenso
2474 4437 2582 4506 HQ

361 4515 617 4571 ascendit
645 4517 908 4571 HRL¹N
938 4519 1026 4586 (cf.
1055 4519 1166 4572 Iul.
1199 4523 1269 4572 61
1315 4520 1418 4572 Tit.
1448 4521 1502 4588 4)
1609 4525 1677 4573 22
1716 4519 1897 4572 solum
1932 4519 1994 4584 T,
2030 4521 2253 4572 tantum
2280 4519 2349 4572 N
2452 4523 2519 4572 28
2553 4533 2649 4571 au-

360 4595 507 4649 diuit
535 4596 632 4650 M·
775 4602 843 4650 26
879 4596 964 4650 hii
1003 4598 1218 4667 MLSQ
1358 4602 1725 4667 persecuntur
1755 4600 2076 4655 GHRLST
