3259 5209
553 2422 643 2489 32

656 456 741 519 70
1353 454 1409 509 C.
1451 455 1766 510 SVETONI
1803 454 2250 520 TRANQVILLI

652 618 865 683 monis
920 616 1234 702 paulatim
1291 617 1535 683 abolita
1588 618 1899 703 restituit,
1947 621 2019 683 ut
2065 617 2306 683 Salutis
2351 619 2723 704 augurium,
2768 616 2958 682 Diale

655 724 1060 808 flamonium,
1115 746 1368 789 sacrum
1421 725 1791 809 Lupercale,
1846 723 2030 790 ludos
2087 724 2458 789 Saeculares
2513 728 2579 789 et
2633 722 2960 808 Compita·

656 830 859 895 licius,
948 830 1414 915 Lupercalibus
1458 832 1670 895 uetuit
1717 852 1970 897 currere
2024 831 2351 915 inberbeS,
2399 832 2557 896 item
2605 829 2958 895 Saeculari-

657 936 779 1001 bus
825 936 994 1001 ludis
1039 940 1303 1003 iuuenes
1348 940 1687 1023 utriusque
1724 959 1913 1003 sexus
1951 938 2288 1023 prohibuit
2322 938 2528 1003 ullum
2565 944 2958 1001 nocturnum

654 1044 1095 1128 spectaculum
1153 1044 1559 1128 frequentare
1622 1045 1747 1108 nisi
1815 1068 1961 1111 cum
2021 1045 2239 1128 aliquo
2295 1044 2537 1109 maiore
2593 1048 2752 1108 natu
2813 1065 2962 1127 pro·
3017 1070 3044 1110 ε

656 1151 1067 1235 pinquorum.
1152 1150 1543 1235 Compitales
1578 1151 1778 1216 Lares
1814 1153 2030 1216 ornari
2067 1151 2170 1215 bis
2207 1172 2375 1215 anno
2415 1150 2700 1215 instituit
2739 1152 2960 1214 uernis

654 1256 924 1322 floribus
970 1262 1035 1321 et
1080 1258 1357 1323 aestiuis.

832 1360 1211 1429 Proximum
1257 1388 1295 1430 a
1340 1364 1437 1429 dis
1476 1364 1951 1429 immortalibus
1986 1363 2297 1429 honorem
2336 1366 2681 1429 memoriae
2718 1364 2958 1428 ducum

656 1470 1001 1555 praestitit,
1050 1472 1157 1555 qui
1206 1472 1548 1556 imperium
1594 1496 1656 1557 p.
1695 1471 1771 1536 R.
1811 1494 1888 1535 ex
1936 1472 2204 1537 minimo
2253 1472 2602 1536 maximum
2649 1470 2961 1533 reddidis-

654 1581 815 1641 sent.
896 1579 1114 1663 itaque
1160 1582 1226 1642 et
1272 1588 1467 1662 opera
1514 1580 1821 1662 cuiusque
1869 1578 2279 1643 manentibus
2324 1572 2533 1641 tltulis
2571 1578 2858 1641 restituit
2895 1581 2962 1640 et
2991 1604 3046 1643 ιο

656 1688 902 1749 statuas
952 1686 1239 1749 omnium
1285 1685 1668 1769 triumphali
1713 1685 1930 1771 effigie
1974 1686 2045 1749 in
2089 1690 2360 1769 utraque
2395 1684 2522 1748 fori
2559 1684 2659 1747 sui
2697 1684 2960 1768 porticu

656 1790 996 1874 dedicauit,
1042 1792 1369 1876 professus
1416 1792 1573 1876 e[s]t
1620 1792 1855 1857 edicto:
1905 1796 2412 1857 commentum
2457 1789 2534 1854 id
2579 1812 2681 1874 se,
2738 1794 2822 1853 ut
2869 1790 2962 1853 ad

656 1896 977 1961 illorum
1012 1900 1067 1981 <.
1102 1951 1112 1961 .
1146 1898 1202 1982 .>
1248 1898 1463 1963 uelut
1500 1899 1586 1963 ad
1636 1899 2028 1983 exemplar
2066 1904 2138 1962 et
2175 1900 2367 1983 ipse,
2415 1897 2586 1961 dum
2622 1898 2960 1979 uiueret,

656 2006 731 2067 et
793 2003 1365 2087 insequentium
1439 2005 1810 2069 aetatium
1884 2004 2278 2089 principes
2353 2005 2859 2090 exigerentur
2923 2027 2962 2067 a

658 2108 976 2174 ciuibus,
1060 2110 1327 2193 Pompei
1374 2133 1629 2195 quoque
1676 2116 1954 2176 statuam
1999 2116 2224 2176 contra
2260 2110 2500 2176 theatri
2537 2112 2672 2174 eius
2709 2111 2958 2197 regiam
2989 2138 3040 2176 ιο

658 2237 1015 2281 marmoreo
1045 2214 1201 2281 Iano
1239 2220 1651 2301 superposuit
1679 2218 2057 2283 translatam
2087 2241 2121 2282 e
2151 2219 2343 2302 curia,
2381 2218 2452 2282 in
2480 2239 2606 2301 qua
2637 2215 2702 2282 C.
2727 2216 2962 2283 Caesar

654 2322 868 2385 fuerat
912 2324 1179 2387 occisus

836 2426 1149 2514 Pleraque
1194 2432 1455 2515 pessimi
1501 2432 1778 2515 exempli
1833 2434 1904 2496 in
1953 2432 2298 2516 perniciem
2347 2431 2674 2516 publicam
2719 2436 2834 2495 aut
2881 2452 2960 2496 ex

658 2535 1117 2601 consuetudine
1160 2536 1547 2620 licentiaque
1584 2538 1904 2602 bellorum
1945 2539 2231 2602 ciuilium
2271 2538 2657 2603 durauerant
2691 2542 2805 2603 aut
2841 2561 2962 2623 per

657 2662 879 2726 pacem
939 2644 1133 2707 etiam
1180 2645 1544 2709 extiterant.
1642 2666 1792 2709 nam
1841 2651 1904 2709 et
1949 2650 2387 2731 grassatorum
2433 2644 2694 2730 plurimi
2740 2646 2958 2730 palam
2987 2671 3040 2711 so

657 2770 725 2812 se
778 2749 1074 2815 ferebant
1128 2754 1436 2817 succincti
1492 2754 1662 2816 ferro
1673 2803 1690 2836 ,
1750 2754 1933 2835 quasi
1988 2752 2210 2816 tuendi
2255 2752 2356 2815 sui
2404 2774 2618 2835 causa,
2675 2757 2740 2817 et
2785 2754 2957 2839 rapti

658 2876 774 2939 per
828 2879 1020 2942 agros
1082 2860 1364 2923 uiatores
1420 2860 1556 2923 sine
1613 2859 1982 2923 discrimine
2026 2858 2217 2922 liberi
2271 2860 2569 2942 seruique
2615 2860 2959 2945 ergastulis

658 2985 1096 3046 possessorum
1143 2965 1729 3050 supprimebantur,
1776 2971 1839 3029 et
1878 2966 2192 3050 plurimae
2230 2966 2542 3031 factiones
2589 2966 2782 3031 titulo
2831 2967 2959 3031 col-

657 3069 785 3153 legi
834 3074 989 3135 noui
1038 3072 1117 3135 ad
1163 3072 1403 3136 nullius
1449 3094 1580 3135 non
1626 3073 1933 3137 facinoris
1981 3074 2354 3137 societatem
2403 3071 2680 3137 coibant.
2753 3073 2960 3159 igitur

657 3182 1057 3261 grassaturas
1104 3179 1435 3263 dispositis
1482 3200 1595 3261 per
1645 3184 1966 3263 oportuna
2020 3178 2162 3243 loca
2208 3179 2596 3243 stationibus
2651 3178 2958 3263 inhibuit,
2985 3203 3037 3243 25

805 3368 871 3413 10
909 3364 1135 3430 Lampr.
1168 3365 1325 3417 Alex.
1368 3364 1548 3417 Seuer.
1580 3368 1680 3430 28,
1713 3370 1747 3417 6
1795 3366 2012 3416 statuas
2053 3404 2100 3416 ..
2125 3405 2136 3417 .
2177 3362 2236 3415 in
2281 3362 2403 3416 foro
2450 3362 2572 3415 diui
2617 3362 2841 3417 Neruae
2872 3405 2884 3416 .
2907 3406 2920 3415 .
2945 3407 2956 3416 .

657 3438 871 3494 locauit
909 3443 1168 3496 omnibus
1208 3461 1337 3497 cum
1373 3443 1557 3497 titulis
1588 3446 1646 3497 et
1675 3443 1946 3497 columnis
1978 3442 2172 3509 aereis,
2211 3459 2356 3509 quae
2384 3446 2672 3513 gestorum
2702 3442 2958 3495 ordinem

658 3520 1027 3589 continerent,
1068 3523 1322 3591 exemplo
1360 3524 1629 3593 Augusti,
1679 3523 1778 3591 qui
1817 3541 2159 3576 summorum
2195 3523 2444 3576 uirorum
2482 3526 2700 3576 statuas
2737 3522 2799 3575 in
2833 3522 2958 3577 foro

660 3618 761 3654 suo
799 3618 829 3655 e
875 3619 1151 3657 marmore
1200 3604 1518 3657 conlocauit
1566 3604 1779 3658 additis
1826 3604 2018 3671 gestie.
2165 3609 2232 3656 25
2271 3604 2549 3659 Einhard.
2581 3608 2616 3658 9
2663 3602 2958 3673 dispositis

656 3696 759 3749 per
796 3698 1043 3751 congrua
1080 3684 1444 3737 confiniorum
1481 3685 1607 3738 loca
1653 3685 1968 3753 praesidiis.
2010 3688 2080 3736 17
2117 3683 2457 3737 stationibus
2487 3726 2498 3736 .
2525 3728 2534 3739 .
2558 3727 2569 3738 .
2601 3683 2911 3754 dispositis.

803 3866 833 3912 2
873 3860 1184 3915 flaminium
1217 3866 1266 3915 Τ
1302 3864 1462 3929 (edd.)
1609 3868 1641 3915 8
1682 3862 1790 3915 diis
1825 3862 2050 3915 GX‘PN
2081 3862 2264 3930 (addis
2297 3863 2390 3930 Μ)
2537 3867 2600 3914 11
2639 3862 2866 3932 particu
2889 3864 2964 3917 M

658 3940 722 3993 in
756 3942 865 4008 fine
901 3960 1109 4009 uersus,
1148 3960 1214 3997 m.
1235 3948 1273 3995 2
1302 3944 1474 3996 adscr.
1505 3943 1563 3994 la
1588 3942 1670 3996 io
1819 3948 1883 3993 12
1923 3945 1980 3995 et
2009 3943 2258 4011 Bentley,
2297 3945 2383 3995 est
2411 3944 2463 3994 ,Ω
2503 3944 2589 4010 (ss,
2618 3944 2683 3997 in
2711 3944 2756 3998 S
2783 3960 2854 3998 m.
2887 3948 2958 4013 1),

658 4038 759 4075 om.
791 4023 860 4076 N
863 4038 896 4081 ς
935 4024 1119 4093 (On-d„
1148 4024 1314 4093 Roth)
1461 4024 1533 4076 ad
1571 4022 1799 4076 illorum
1836 4021 1997 4075 uelut
2027 4023 2099 4075 ad
2131 4021 2392 4075 MX'HR
2423 4021 2602 4089 (uelut
2629 4024 2691 4075 in
2721 4024 2796 4078 M
2819 4040 2955 4078 corr.

659 4119 727 4155 eae
753 4101 948 4173 uilut),
997 4103 1069 4156 ad
1116 4101 1341 4156 illorum
1380 4103 1539 4157 uelut
1574 4102 1770 4173 (uelud
1803 4106 1888 4173 N)
1923 4103 2132 4172 GQNS·
2163 4102 2377 4172 (Roth),
2423 4101 2651 4156 illorum
2683 4103 2846 4157 uelut
2884 4104 2958 4157 ad

658 4184 738 4237 ed.
772 4184 927 4238 Rom.
952 4185 1028 4237 II
1059 4186 1267 4253 (nula),
1308 4184 1380 4237 ad
1418 4183 1547 4237 illos
1584 4183 1746 4237 uelut
1773 4184 1847 4237 ad
1881 4184 2183 4251 (Casaub.);
2226 4182 2564 4255 (normam)
2591 4184 2770 4253 suppl.
2798 4185 2936 4240 Oud.

660 4262 928 4335 (uitam)
969 4265 1236 4319 Be'icheler
1390 4271 1456 4318 14
1496 4265 1772 4317 aetatium
1811 4264 1879 4317 M
1890 4264 2084 4329 ¹L¹0¹‚
2131 4266 2316 4315 -tuum
2352 4262 2447 4329 1³¹,
2491 4266 2642 4317 -tum
2677 4265 2770 4319 rel.
2810 4274 2861 4319 et
2897 4266 2962 4319 N

661 4348 727 4395 18
768 4343 1010 4397 correxit
1064 4346 1285 4413 (-repsit
1324 4346 1390 4413 O)
1429 4361 1573 4412 quae
1593 4352 1720 4413 post
1757 4343 1997 4412 exempli
2029 4342 2387 4397 add.r'1>²0
2548 4350 2614 4396 19
2653 4346 2754 4397 aut
2789 4362 2960 4414 usque

658 4425 965 4477 extiterant
993 4441 1091 4479 om.
1126 4426 1180 4479 V
1280 4432 1346 4477 ‘23
1370 4426 1631 4478 factionis
1657 4428 1732 4480 M
1836 4424 2029 4491 colligi
2053 4426 2138 4488 M,
2177 4423 2406 4492 collegii
2424 4425 2517 4477 rel.
2631 4431 2698 4477 25
2735 4442 2956 4494 grassa-

660 4505 816 4555 turas
848 4506 899 4558 V
931 4506 1019 4572 (cf.
1056 4506 1173 4559 Tib.
1196 4510 1315 4576 37),
1362 4509 1654 4574 grassatur
1683 4506 1754 4571 ad
1789 4508 1882 4570 M,
1932 4506 2256 4573 grassatura
2299 4504 2349 4557 G
2379 4504 2687 4574 (iliadviy)‚
2735 4522 2956 4574 grassa-

660 4585 807 4637 tores
847 4589 958 4639 ΧΤ

3229 325 3246 1257 -ι-σ-
3217 7 3244 204 μ
