3259 5209
659 476 788 540 194
1359 476 1416 532 C.
1458 476 1769 530 SVETONI
1810 475 2254 541 TRANQVILLI

654 639 917 703 deorum
975 639 1281 724 insignia,
1349 645 1542 722 atque
1601 639 1793 703 etiam
1845 639 2115 703 Veneris
2170 641 2349 704 cultu
2404 645 2784 722 conspectus
2842 646 2959 702 est.

653 745 1110 828 triumphalem
1160 747 1414 828 quidem
1476 751 1773 810 ornatum
1831 747 2024 810 etiam
2082 752 2227 810 ante
2284 744 2753 830 expeditionem
2804 745 2959 808 assi-

655 852 777 915 d'ue
824 853 1131 936 gestauit,
1188 852 1509 916 interdum
1567 856 1631 916 et
1686 853 1906 938 Magni
1954 853 2298 916 Alexandri
2348 851 2677 917 thoracem
2726 853 2960 934 repeti—

653 962 792 1022 tum
840 981 875 1022 e
921 957 1282 1024 conditorio
1332 961 1484 1023 eius».

547 1062 640 1130 53
833 1065 935 1129 Ex
991 1065 1344 1149 disciplinis
1399 1066 1777 1130 liberalibus
1832 1065 2169 1130 minimum
2226 1066 2597 1147 eruditioni,
2658 1067 2963 1148 eloquen-
3020 1089 3047 1129 5

657 1173 781 1236 tiae
839 1173 1188 1256 plurimum
1253 1173 1556 1256 attendit,
1619 1173 2033 1256 quantumuis
2093 1172 2403 1237 facundus
2468 1177 2532 1236 et
2594 1165 2963 1257 promptae,

654 1281 876 1361 utique
936 1279 992 1342 si
1051 1280 1479 1362 perorandum
1542 1280 1608 1343 in
1672 1279 1948 1362 aliquem
2010 1285 2189 1343 esset.
2285 1279 2448 1343 irato
2510 1282 2576 1342 et
2634 1278 2831 1342 uerba
2896 1286 2963 1343 et

655 1387 1008 1450 sententiae
1055 1387 1498 1471 suppetebant,
1543 1387 1987 1470 pronuntiatio
2036 1408 2291 1469 quoque
2338 1391 2401 1450 et
2437 1408 2586 1468 uox,
2632 1390 2707 1448 ut
2748 1408 2961 1469 neque

655 1493 876 1556 eodem
904 1493 1031 1556 loci
1059 1515 1212 1576 prae
1242 1493 1468 1557 ardore
1499 1493 1879 1557 consisteret
1908 1497 1972 1556 et
1992 1493 2399 1557 exaudiretur
2417 1515 2454 1556 a
2474 1492 2699 1576 procul
2728 1493 2957 1556 stanti·

583 1613 615 1661 2
653 1598 791 1662 buS.
866 1603 1282 1682 peroraturus
1313 1600 1771 1663 stricturum
1802 1621 1878 1663 se
1906 1599 2475 1663 lucubrationis
2506 1621 2685 1662 suae
2715 1599 2955 1662 telum
2992 1585 3045 1661 1'0

654 1704 1037 1789 minabatur,
1056 1704 1262 1770 lenius
1287 1705 1732 1788 comptiusque
1762 1706 2079 1770 scribendi
2099 1727 2298 1789 genus
2328 1706 2484 1770 adeo
2514 1709 2959 1786 contemnem,

657 1817 728 1876 ut
775 1811 1078 1876 Senecam
1135 1818 1273 1876 tum
1330 1813 1605 1877 maxime
1662 1813 2021 1895 placentem
2079 1811 2658 1878 commissiones
2707 1834 2959 1876 meras

655 1941 1036 2003 componere
1100 1924 1164 1983 et
1218 1920 1577 1983 harenam
1636 1941 1801 1982 esse
1867 1920 2029 1983 sine
2086 1920 2290 1984 calce
2352 1919 2609 1984 diceret.
2705 1919 2959 1983 solebat

653 2025 846 2089 etiam
874 2027 1194 2109 prosperis
1235 2030 1562 2089 oratorum
1602 2026 1967 2090 actionibus
1997 2027 2341 2090 rescribere
2379 2030 2443 2088 et
2470 2047 2853 2110 magnorum
2887 2026 2955 2089 in

655 2138 878 2196 senatu
925 2154 1178 2197 reorum
1227 2133 1664 2196 accusationes
1702 2132 2229 2216 defensionesque
2275 2132 2568 2197 meditari
2618 2153 2708 2215 ac,
2755 2139 2953 2215 prout
2984 2154 3035 2194 ιε

653 2239 842 2302 stilus
891 2242 1183 2320 cesserat,
1229 2238 1335 2302 uel
1392 2260 1657 2302 onerare
1704 2240 2021 2302 sententia
2066 2261 2181 2302 sua
2227 2259 2541 2322 quemque
2593 2239 2693 2302 uel
2740 2239 2955 2302 suble-

663 2367 832 2427 uare,
870 2345 1151 2428 equestri
1189 2367 1443 2426 quoque
1474 2345 1698 2410 ordine
1736 2346 1813 2409 ad
1853 2346 2234 2410 audiendum
2274 2347 2546 2409 inuitato
2575 2367 2692 2428 per
2728 2345 2954 2409 edicta.

557 2446 652 2512 54
835 2450 959 2514 Sed
1005 2456 1069 2514 et
1115 2451 1385 2515 aliorum
1434 2473 1740 2537 generum
1788 2457 1956 2516 artes
1995 2453 2459 2517 studiosissime
2496 2457 2561 2516 et
2602 2452 2957 2516 diuersissi-

654 2580 789 2622 mas
824 2557 1124 2621 exercuit.
1198 2557 1533 2640 Thra<e>1
1572 2563 1637 2621 et
1675 2559 1925 2644 auriga,
1972 2559 2135 2622 idem
2177 2565 2400 2622 cantor
2437 2563 2629 2640 atque
2668 2560 2955 2640 saltator,

652 2663 990 2728 battuebat
1050 2666 1454 2748 pugnatoriis
1519 2666 1740 2749 armiS,
1804 2665 2141 2750 aurigabat
2200 2669 2489 2729 extructo
2549 2665 2952 2749 plurifariam
2982 2687 3036 2726 so

653 2773 856 2856 cir003
920 2772 1183 2835 canendi
1251 2794 1324 2835 ac
1390 2771 1665 2836 saltandi
1730 2773 2066 2856 uoluptate
2127 2775 2219 2836 ita
2282 2773 2689 2854 efferebatur,
2744 2777 2820 2836 ut
2875 2794 2954 2836 ne

655 2877 930 2962 publicis
978 2878 1233 2960 quidem
1283 2878 1664 2962 spectaculis
1704 2883 2088 2961 temperaret
2126 2901 2253 2963 quo
2292 2881 2502 2943 minus
2541 2885 2606 2943 et
2642 2879 2951 2965 tragoedo

653 2984 1100 3068 pronuntianti
1163 2987 1523 3048 concineret
1587 2989 1653 3048 et
1714 2992 1964 3070 gestum
2034 2986 2365 3050 histrionis
2434 2987 2617 3068 quasi
2685 2985 2951 3050 laudans

584 3104 615 3150 2
654 3093 759 3155 uel
806 3091 1134 3176 corrigens
1181 3092 1392 3174 palam
1442 3091 1796 3175 effingeret.
1879 3114 1997 3157 nec
2044 3093 2169 3156 alia
2216 3094 2292 3156 de
2340 3115 2528 3156 causa
2572 3093 2831 3157 uidetur
2876 3117 2951 3156 eo

655 3199 782 3281 die,
849 3221 976 3280 quo
1044 3197 1262 3281 periit,
1323 3198 1737 3281 peruigilium
1809 3198 2114 3262 indixisse
2183 3221 2370 3282 quam
2433 3205 2507 3263 ut
2563 3200 2825 3263 initium
2886 3200 2951 3263 in
2978 3219 3027 3259 ιι

656 3326 945 3368 scaenam
1011 3303 1365 3387 prodeundi
1435 3304 1697 3368 licentia
1754 3307 2061 3389 temporis
2126 3307 2578 3389 auspicaretur.
2676 3307 2950 3371 saltabat

654 3417 867 3474 autem
913 3432 1396 3492 nonnumquam
1445 3411 1636 3473 etiam
1685 3417 1909 3496 noctu3
1954 3416 2019 3475 et
2056 3414 2377 3494 quondam
2414 3418 2544 3476 tres
2584 3415 2951 3477 consulares

656 3517 932 3582 secunda
995 3516 1220 3600 uigilia
1293 3519 1361 3579 in
1427 3515 1747 3581 Palatium
1822 3520 2060 3582 accitos
2132 3520 2460 3602 multaque
2534 3524 2597 3582 et
2670 3524 2952 3583 extrema

654 3623 998 3686 metuentis
1057 3644 1249 3706 super
1305 3623 1624 3706 pulpitum
1687 3625 2076 3706 conlocauit,
2133 3625 2356 3689 deinde
2408 3631 2670 3709 repente
2715 3647 2949 3712 magno

653 3730 958 3792 tibiarum
1018 3733 1082 3792 et
1138 3729 1560 3792 scabellorum
1627 3732 1873 3813 crepitu
1935 3753 2075 3795 cum
2134 3733 2305 3814 palla
2364 3732 2707 3815 tunicaque
2762 3731 2949 3796 talari
2976 3752 3024 3792 ω

801 3990 828 4037 1
881 3985 1061 4038 Victor
1101 3984 1248 4038 Caes.
1282 3988 1421 4045 3,11
1461 4003 1512 4036 u.
1554 3986 1628 4038 acl
1658 4003 1717 4053 p.
1750 3991 1931 4052 190,3

801 4205 827 4252 1
870 4200 1100 4252 deorum
1129 4196 1378 4265 insignia
1407 4198 1504 4250 del.
1541 4199 1790 4268 Bentley,
1820 4200 1877 4252 in
1908 4201 2138 4253 deorum
2176 4200 2354 4269 figura
2378 4201 2429 4254 G
2550 4207 2583 4252 4
2621 4201 2743 4254 eius
2772 4219 2871 4255 om.
2899 4203 2947 4254 G

655 4287 684 4334 9
717 4280 838 4333 loco
872 4279 983 4333 GT
1070 4283 1133 4330 12
1165 4295 1291 4329 cum
1319 4277 1560 4330 maxime
1593 4279 1823 4348 Bentley
1919 4286 1981 4332 13
2014 4297 2343 4348 componere
2372 4281 2471 4334 del.
2500 4281 2655 4335 Torr.
2756 4287 2819 4332 16
2850 4281 2947 4334 sti-

654 4359 741 4413 lus
780 4378 880 4414 om.
915 4360 964 4412 G
1083 4375 1278 4411 ornare
1313 4359 1362 4411 G
1486 4363 1549 4410 18
1590 4358 1829 4411 aliarum
1860 4361 2117 4429 MJJPQ
2238 4367 2299 4414 19
2340 4361 2566 4415 edocuit
2597 4361 2648 4414 G
2768 4359 2948 4414 Threx

659 4443 813 4494 Torr.
926 4445 991 4492 26
1033 4454 1292 4492 scaenam
1324 4442 1477 4492 (sce-‘2
1505 4439 1648 4504 TG3,
1688 4455 1786 4491 -na
1814 4442 1905 4492 rel.
1930 4443 2019 4507 (Ω)
2132 4447 2197 4493 29
2238 4440 2441 4495 deinde
2472 4443 2546 4495 M
2551 4441 2647 4506 Ta,
2686 4440 2817 4494 dein
2854 4442 2943 4494 rel.

654 4529 702 4574 et
723 4522 800 4586 N,
826 4522 952 4587 fort.
983 4521 1196 4584 recum,
1226 4525 1282 4571 at-
1314 4521 1380 4584 cf.
1405 4521 1547 4586 Any.
1573 4524 1661 4576 94.
1684 4527 1717 4573 9
1747 4521 1820 4582 (n.
1846 4522 2031 4574 Herm.
2054 4525 2127 4572 36
2148 4540 2203 4588 p.
2228 4523 2354 4589 303)
2480 4525 2546 4573 30
2586 4519 2945 4574 scabillorum

655 4603 806 4654 tituli
841 4601 1074 4654 suadent
1218 4597 1494 4665 pallatum
1535 4600 1731 4667 utique
1764 4603 1813 4652 G
