3259 5209
591 386 722 451 216
1297 389 1352 441 U.
1393 387 1709 442 SVETONI
1747 386 2192 451 TRANQVILIA

593 551 874 616 correxit
927 554 1040 614 aut
1097 551 1348 615 exoleta
1411 552 1745 616 reuocauit
1800 554 1912 614 aut
1967 549 2161 614 etiam
2218 570 2389 613 noua
2442 549 2742 612 instituit.
2827 550 2899 612 in

595 658 974 742 cooptandis
1042 679 1158 742 per
1227 658 1500 744 collegia
1569 656 2010 721 sacerdotibus
2070 657 2389 720 neminem
2460 657 2587 720 nisi
2647 656 2899 719 iuratus

597 766 980 848 nominauit3
1043 763 1539 848 obseruauitque
1595 764 1845 847 sedulo,
1902 767 1976 827 ut
2031 764 2329 846 quotiens
2384 766 2584 826 terra·
2612 763 2679 826 in
2735 761 2897 825 urbe

599 873 933 955 mouisset,
998 871 1192 934 ferias
1247 871 1559 935 aduocata
1614 871 1916 936 contione
1981 873 2239 953 praetor
2298 869 2633 952 indiceret,
2699 873 2901 952 utque

598 977 738 1041 dira
785 999 903 1042 aue
951 977 1017 1041 in
1065 975 1386 1060 Capitolio
1434 979 1574 1040 uisa
1623 976 1985 1042 obsecratio
2032 974 2394 1059 haberetur,
2442 995 2713 1057 eamque
2758 975 2897 1057 ipse
2958 998 2983 1038 5

597 1086 736 1150 iure
773 1085 1038 1148 maximi
1068 1083 1392 1168 pontificis
1422 1104 1540 1166 pro
1579 1084 1811 1147 rostris
1849 1082 2091 1166 populo
2129 1083 2406 1165 praeiret
2445 1084 2900 1163 summotaque

599 1183 1038 1275 operariorum
1086 1210 1548 1273 seruorumque
1593 1189 1805 1253 turba.

495 1291 583 1356 23
778 1297 1022 1362 Rerum
1059 1301 1272 1360 actum
1313 1296 1592 1360 diuisum
1631 1301 1819 1360 antea
1858 1297 1924 1359 in
1951 1295 2259 1359 hibernos
2290 1297 2699 1377 aestiuosque
2728 1315 2903 1357 men-

601 1425 700 1468 ses
757 1404 1107 1468 coniunxit.
1183 1403 1342 1466 iuris
1399 1403 1746 1467 dictionem
1805 1403 1881 1465 de
1936 1402 2087 1465 fidei
2142 1401 2506 1466 commissis
2554 1401 2904 1483 quotannis

601 1515 666 1574 et
728 1515 981 1574 tantum
1047 1510 1114 1574 in
1179 1508 1339 1573 urbe
1405 1509 1683 1594 delegari
1746 1508 2237 1592 magistratibus
2304 1508 2559 1572 solitam
2628 1507 2698 1570 in
2760 1529 2902 1590 per·
2938 1534 2991 1572 io

601 1620 868 1699 petuum
915 1620 1107 1699 atque
1164 1616 1357 1680 etiam
1414 1637 1527 1700 per
1571 1617 1941 1699 prouincias
1996 1615 2427 1698 potestatibus
2475 1613 2903 1678 demandauit.

605 1722 804 1806 capiti
850 1721 1087 1806 Papiae
1134 1721 1470 1807 Poppaeae
1524 1721 1689 1806 legis
1746 1745 1784 1786 a
1838 1720 2099 1786 Tiberio
2148 1720 2441 1804 Caesare,
2499 1721 2683 1800 quasi
2713 1723 2906 1784 'sexa-

538 1843 569 1890 2
611 1829 856 1915 genarii
911 1850 1212 1914 generare
1276 1850 1407 1892 non
1463 1833 1754 1913 possent,
1821 1829 2039 1892 addito
2107 1827 2469 1914 obrogauit.
2564 1827 2777 1891 sanxit
2834 1832 2909 1891 ut

601 1935 866 2020 pupillis
915 1940 1096 1999 extra
1142 1935 1428 2000 ordinem
1485 1938 1734 1999 tutores
1792 1957 1830 1997 a
1886 1933 2257 1998 consulibus
2314 1933 2648 2017 darentur,
2706 1939 2907 2016 utque

605 2043 678 2128 ii,
742 2041 980 2125 quibus
1043 2065 1080 2104 a
1135 2040 1622 2127 magistratibus
1687 2042 2057 2125 prouinciae
2122 2040 2685 2125 interdicerentur,
2746 2042 2905 2106 urbe
2942 2065 2997 2105 15

610 2170 866 2235 quoque
904 2154 968 2212 et
1004 2147 1196 2212 Italia
1233 2152 1809 2212 summouerentur.
1876 2149 2013 2231 ipse
2051 2148 2365 2231 quosdam
2404 2170 2576 2212 nouo
2608 2149 2905 2232 exemplo

606 2255 938 2340 relegauit,
983 2257 1056 2318 ut
1102 2256 1275 2318 ultra
1307 2253 1586 2337 lapidem
1633 2255 1899 2318 tertium
1948 2258 2198 2318 uetaret
2242 2253 2459 2340 egredi
2508 2255 2589 2318 ab
2638 2254 2814 2318 urbe.

787 2361 884 2425 De
929 2360 1172 2424 maiore
1217 2360 1478 2447 negotio
1527 2363 1789 2424 acturus
1835 2360 1903 2424 in
1948 2360 2133 2424 curia
2172 2361 2420 2424 medius
2468 2361 2638 2425 inter
2684 2383 2907 2426 consu-

608 2467 745 2532 lum
792 2467 982 2531 sellas
1029 2466 1376 2530 tribunicio
1426 2466 1734 2531 subsellio
1792 2467 2069 2531 sedebat.
2154 2471 2549 2531 commeatus
2596 2491 2635 2530 a
2682 2471 2905 2532 senatu

504 2568 596 2634 24
611 2574 745 2658 peti
801 2573 1028 2637 solito·
1090 2573 1358 2636 benefici
1423 2573 1526 2636 sui
1589 2572 1759 2637 fecit.
1854 2577 2229 2636 ornamenta
2292 2573 2655 2638 consularia
2716 2575 2907 2638 etiam
2946 2597 3005 2636 so

610 2679 1135 2764 procuratoribus
1183 2679 1541 2743 ducenariis
1588 2680 1875 2742 indulsit.
1961 2681 2351 2745 senatoriam
2389 2680 2775 2767 dignitatem
2814 2703 2905 2744 re-

612 2787 986 2851 cusantibus
1043 2791 1405 2870 equestrem
1455 2807 1711 2869 quoque
1767 2785 2022 2849 ademit.
2105 2786 2305 2849 latum
2357 2785 2641 2870 clauum,
2691 2809 2908 2870 quam-

613 2894 714 2958 uis
761 2893 948 2957 initio
996 2893 1381 2957 affirmasset
1427 2914 1557 2956 non
1603 2893 1922 2956 lecturum
1962 2913 2030 2954 se
2067 2896 2426 2956 senatorem
2466 2893 2593 2956 nisi
2633 2892 2795 2956 ciuis
2834 2893 2909 2956 R.

613 3000 1012 3084 abnepotem,
1060 3000 1254 3063 etiam
1299 2998 1590 3063 libertini
1637 2999 1775 3062 filio
1824 2998 2074 3081 tribuit,
2123 2999 2233 3062 sed
2274 2999 2396 3062 sub
2436 3000 2811 3064 condicione
2850 2999 2907 3062 si

614 3107 794 3191 prius
841 3106 921 3170 ab
971 3106 1184 3189 equite
1231 3104 1307 3169 R.
1355 3105 1698 3188 adoptatus
1746 3109 1938 3188 esset3
1994 3126 2067 3168 ac
2122 3105 2217 3168 sic
2262 3126 2518 3189 quoque
2575 3105 2911 3189 reprehen-
2946 3129 3005 3170 aa

618 3213 865 3277 sionem
912 3235 1156 3296 uerenS,
1205 3217 1271 3276 et
1298 3211 1584 3295 Appium
1616 3209 1889 3275 Caecum
1938 3233 2286 3293 censorem,
2330 3212 2585 3298 generis
2632 3213 2733 3276 sui
2769 3235 2913 3295 pro-

618 3325 970 3402 auctorem,
1035 3318 1487 3382 libertinorum
1554 3317 1727 3380 filios
1792 3317 1861 3380 in
1935 3323 2229 3381 senatum
2294 3317 2613 3404 adlegisse
2680 3319 2915 3402 docuit,

620 3427 882 3512 ignarus
945 3424 1345 3507 temporibus
1393 3423 1565 3506 Appi
1629 3429 1693 3486 et
1755 3423 2052 3507 deinceps
2113 3423 2509 3507 aliquamdiu
2574 3424 2915 3490 libertinos

623 3533 828 3595 dictos
883 3554 1014 3595 non
1071 3531 1274 3615 ipsos,
1342 3531 1452 3614 qui
1509 3553 1702 3594 manu
1760 3530 2233 3614 emitterentur,
2298 3532 2411 3595 sed
2466 3532 2782 3618 ingenuos
2838 3555 2919 3595 ex

554 3650 584 3698 2
623 3637 726 3701 his
772 3643 1159 3721 procreatos,
1244 3637 1518 3723 collegio
1567 3642 1980 3720 quaestorum
2019 3659 2138 3720 pro
2177 3642 2458 3701 stratura
2496 3639 2743 3702 uiarum
2783 3640 2917 3725 gla-
2946 3661 3007 3702 ω

625 3743 968 3808 diatorium
1019 3766 1253 3807 munus
1295 3743 1578 3808 iniunxit
1618 3744 2029 3826 detractaque
2068 3742 2351 3808 Ostiensi
2390 3749 2456 3807 et
2494 3743 2737 3809 Gallica
2774 3767 2919 3828 pro-

805 4033 836 4079 ὃ
865 4042 971 4079 aue
994 4026 1135 4078 Roth
1159 4024 1272 4093 (aui
1302 4026 1572 4091 Tur-neb),
1597 4029 1693 4077 aut
1718 4027 1791 4079 M
1793 4026 1967 4090 GLP,
1998 4024 2177 4078 autin
2198 4024 2333 4078 urbe
2354 4029 2455 4078 aut
2482 4024 2603 4080 ’ΥὈ
2712 4033 2742 4080 6
2772 4044 2923 4080 com-

625 4107 840 4161 monito
875 4113 999 4175 post
1033 4104 1317 4174 pontificis
1349 4105 1474 4158 add.
1502 4108 1564 4170 T,
1603 4109 1989 4158 commonente
2021 4108 2233 4174 (mente
2262 4106 2330 4172 T)
2352 4105 2500 4160 SOT
2603 4106 2775 4175 paulo
2798 4109 2847 4161 G

627 4190 906 4240 summota
940 4187 989 4240 G
1029 4196 1157 4254 (que
1187 4186 1286 4238 del.
1317 4188 1480 4238 etiam
1509 4187 1759 4253 Bentley)
1910 4191 1973 4238 12
2010 4185 2125 4255 legi
2154 4185 2387 4255 Bentley
2518 4193 2581 4240 13
2620 4187 2821 4240 addita
2854 4188 2923 4252 G,

629 4268 821 4321 abdito
843 4265 942 4332 11²,
972 4266 1157 4319 edicto
1183 4270 1240 4318 X
1342 4265 1644 4332 abrogauit
1668 4267 1778 4319 GT
1880 4265 2175 4335 sanxitque
2200 4266 2251 4320 G
2366 4272 2428 4318 19
2460 4266 2924 4338 tribunicio<ue>

629 4351 952 4412 Mommsen,
983 4345 1168 4416 <sella
1194 4345 1330 4416 uel>
1361 4345 1664 4398 tribunicio
1694 4346 1907 4400 Smilda
2030 4353 2097 4398 ‘22
2135 4347 2331 4402 flatum
2364 4348 2489 4402 ΜΘ
2616 4354 2683 4401 25
2718 4347 2777 4402 R.
2816 4359 2925 4412 (ro-

629 4445 794 4480 mano
836 4427 902 4492 S>
941 4443 1040 4480 om.
1085 4426 1297 4496 GH¹Qs
1481 4431 1547 4477 ‘26
1587 4431 1936 4494 proactorem
1974 4427 2028 4491 S,
2076 4433 2363 4482 auctorem
2402 4447 2505 4494 ρς,
2552 4427 2651 4481 del.
2692 4429 2926 4499 Bentley

629 4510 804 4577 leyens
841 4514 1005 4560 antea
1035 4510 1318 4559 auctorem
1344 4523 1447 4574 pro
1477 4521 1763 4558 censorem
1874 4512 1937 4559 29
1972 4507 2327 4562 mitterentur
2361 4509 2406 4578 Q
2434 4511 2513 4576 (in
2544 4509 2601 4562 P
2622 4523 2654 4560 e
2680 4525 2749 4562 88.
2778 4527 2846 4561 m.
2872 4513 2925 4567 1)
