3259 5209
616 373 748 436 314
1311 370 1367 425 C.
1407 371 1722 426 SVETONI
1759 370 2206 436 TRANQVILLI

617 536 888 618 ideoque
963 557 1045 600 ne
1109 535 1386 618 experiri
1454 534 1716 618 quidem
1781 534 2069 619 auderet,
2147 539 2434 600 extremo
2498 533 2912 600 hortantibus

616 641 839 705 amicis
883 642 1095 725 palam
1143 663 1262 725 pro
1325 641 1625 706 contione
1671 645 2017 724 utrumque
2066 643 2432 725 temptauit,
2480 663 2598 707 nec
2643 651 2915 708 euentus

619 748 836 815 defuit.
936 769 1052 832 per
1096 747 1265 812 idem
1312 751 1567 830 tempus
1613 745 1862 833 Tegeae
1909 747 1974 810 in
2019 746 2404 835 Arc[h]adia
2450 749 2758 815 instinctu
2803 773 2918 814 ua·-

616 855 1024 920 ticinantium
1080 855 1310 918 effossa
1362 857 1515 918 sunt
1568 857 1818 918 sacrato
1874 854 2019 920 loco
2064 877 2218 919 uasa
2265 858 2480 940 operis
2525 856 2774 940 antiqui
2821 863 2910 921 at-

617 983 741 1046 que
788 963 855 1026 in
899 962 979 1026 iis
1024 960 1325 1026 assimilis
1372 959 1772 1044 Vespasiano
1819 960 2053 1047 imago.
2979 989 3009 1028 5

527 1077 568 1144 8
795 1077 971 1142 Talis
1014 1081 1322 1161 tantaque
1369 1096 1513 1140 cum
1559 1076 1734 1140 fama
1781 1077 1850 1141 in
1897 1075 2120 1142 urbem
2167 1099 2464 1142 reuersus
2513 1081 2655 1143 acto
2695 1078 2771 1141 de
2809 1076 2914 1142 Iu·

616 1183 789 1250 daeis
858 1183 1188 1268 triumpho
1250 1183 1623 1248 consulatus
1687 1187 1834 1247 octo
1895 1183 2099 1248 ueteri
2161 1184 2436 1267 addidit3
2505 1187 2788 1269 suscepit
2848 1191 2916 1250 et

615 1313 943 1356 censuram
996 1313 1069 1356 ac
1113 1312 1231 1374 per
1275 1294 1485 1353 totum
1533 1289 1765 1372 inperii
1811 1295 2066 1373 tempus
2111 1290 2276 1355 nihil
2312 1290 2546 1356 habuit
2581 1292 2913 1375 antiquius

616 1419 808 1481 quam
870 1419 1070 1481 prope
1120 1396 1425 1462 afflictam
1490 1400 1954 1479 nutantemque
2013 1419 2148 1461 rem
2211 1420 2271 1481 p.
2333 1397 2622 1462 stabilire
2681 1399 2914 1482 prim0,

614 1503 840 1569 deinde
896 1509 961 1567 et
1008 1526 1249 1569 ornare.
2951 1531 3014 1570 10

546 1639 575 1684 :3
794 1618 1033 1683 Milites
1096 1642 1245 1704 pars
1311 1620 1619 1684 uictoriae
1685 1619 1944 1702 fiducia,
2019 1641 2167 1703 pars
2237 1619 2628 1705 ignominiae
2693 1620 2916 1685 dolore

616 1727 696 1792 ad
786 1747 1042 1791 omnem
1131 1726 1457 1790 licentiam
1550 1725 2007 1809 audaciamque
2096 1731 2565 1810 processerant3
2657 1727 2766 1791 sed
2850 1732 2918 1791 et

616 1835 984 1918 prouinciae
1040 1833 1461 1915 ciuitatesque
1516 1832 1785 1915 liberae,
1847 1853 1967 1896 nec
2020 1854 2152 1897 non
2217 1837 2280 1896 et
2346 1855 2544 1918 regna
2601 1833 2914 1917 quaedam

616 1940 1078 2004 tumultuosius
1152 1941 1319 2004 inter
1387 1960 1453 2002 se
1517 1940 1810 2025 agebant.
1948 1961 2144 2022 quare
2210 1939 2706 2004 ViteUianorum
2777 1941 2920 2022 qui-

616 2048 760 2111 dem
824 2053 889 2111 et
948 2047 1389 2112 exauctorauit
1449 2046 1764 2129 plurimos
1827 2050 1891 2109 et
1951 2047 2260 2129 coercuit,
2317 2047 2742 2131 participibus
2803 2069 2912 2110 au-
2951 2074 3012 2113 ιε»

616 2159 745 2218 tem
810 2154 1117 2218 uictoriae
1177 2153 1333 2217 adeo
1403 2153 1568 2217 nihil
1643 2157 1822 2216 extra
1879 2153 2170 2217 ordinem
2227 2153 2522 2236 indulsit,
2588 2159 2662 2217 ut
2720 2155 2914 2217 etiam

545 2279 575 2324 3
613 2261 908 2345 legitima
982 2261 1265 2343 praemia
1338 2281 1479 2324 sero
1545 2257 1949 2342 persoluerit.
2087 2281 2162 2323 ac
2233 2283 2314 2324 ne
2377 2283 2570 2344 quam
2636 2261 2917 2323 occasio-

614 2389 761 2430 nem
826 2366 1186 2452 corrigendi
1254 2367 1659 2448 disciplinam
1725 2367 2292 2449 praetermitteret,
2365 2366 2914 2431 adulescentulum

615 2474 1008 2557 fragrantem
1073 2477 1401 2558 unguento
1412 2524 1429 2556 ‚
1489 2494 1636 2536 cum
1711 2473 1835 2536 sibi
1907 2494 2026 2555 pro
2102 2474 2446 2556 impetrata
2517 2475 2916 2557 praefectura

615 2579 856 2664 gratias
920 2583 1163 2664 ageret,
1221 2586 1384 2643 nutu
1445 2583 1819 2663 aspernatus
1828 2630 1846 2662 ,
1906 2601 2067 2643 uoce
2121 2580 2313 2643 etiam
2375 2581 2756 2666 grauissima
2823 2582 2915 2643 in·
2949 2608 3014 2647 πο

616 2688 892 2770 crepuit:
978 2685 1418 2749 maluissem
1492 2687 1726 2749 alium
1811 2685 2282 2769 oboluisses,
2372 2686 2748 2770 litterasque
2821 2709 2912 2752 re-

614 2795 889 2858 uocauit.
1001 2793 1361 2857 classiarios
1434 2813 1615 2874 uer0,
1693 2793 1800 2875 qui
1877 2791 1958 2855 ab
2035 2791 2216 2856 Ostia
2296 2798 2361 2856 et
2422 2792 2710 2858 Puteolis
2789 2793 2914 2858 Ro-

612 2923 783 2964 mam
830 2900 1103 2984 pedibus
1148 2921 1262 2982 per
1308 2899 1481 2964 uices
1530 2902 1923 2981 commeant,
1971 2903 2261 2982 petentes
2312 2901 2620 2964 constitui
2667 2899 2913 2983 aliquid

614 3006 740 3069 sibi
816 3007 1097 3069 calciarii
1173 3007 1464 3088 nomine,
1559 3005 1741 3088 quasi
1835 3028 2062 3089 pamm
2139 3010 2303 3070 esset
2387 3007 2524 3070 sine
2607 3027 2912 3090 responso

614 3112 922 3198 abegisse,
982 3114 1171 3177 iussit
1233 3113 1501 3196 posthac
1570 3112 1953 3177 excalciatos
2023 3115 2360 3194 cursitare3
2423 3119 2488 3177 et
2547 3135 2622 3178 ex
2686 3134 2760 3177 eo
2820 3113 2912 3177 ita
2945 3142 3006 3180 25

614 3221 947 3284 cursitant.

614 3357 648 3362 -
689 3357 730 3362 —.
769 3357 806 3361 —-
847 3357 940 3362 ----
953 3355 1020 3364 ,-

757 3426 787 3472 6
828 3422 1062 3488 Eutrop.
1098 3423 1215 3476 VII
1238 3426 1330 3487 20,
1353 3427 1380 3473 1
1420 3421 1513 3474 hic
1543 3437 1670 3473 cum
1697 3419 1814 3474 filio
1833 3419 1961 3474 Tito
1993 3421 2062 3473 de
2083 3420 2490 3489 Hierusolymis
2519 3421 2910 3490 triumphauit.

617 3501 768 3553 Oros.
808 3501 934 3555 VII
962 3507 1014 3566 9,
1040 3505 1077 3554 8
1114 3500 1494 3568 Vespasianus
1545 3503 1602 3554 et
1649 3499 1809 3553 Titus
1857 3501 2224 3570 imperatores
2271 3501 2634 3570 magnificum
2681 3504 2912 3572 agentes

614 3579 682 3632 de
737 3579 959 3632 Iudaeis
1017 3579 1365 3648 triumphum
1420 3581 1615 3634 urbem
1676 3581 1916 3650 ingressi
1973 3584 2104 3634 sunt
2159 3582 2246 3649 (ef.
2295 3583 2400 3635 Tit.
2441 3587 2476 3636 6
2512 3583 2677 3636 Dom.
2713 3586 2787 3650 2).

612 3665 643 3710 8
695 3660 973 3712 Einhard.
1001 3665 1075 3713 27
1112 3676 1293 3737 neque
1332 3659 1429 3713 ille
1467 3663 1589 3714 toto
1627 3661 1788 3727 regni
1827 3661 1913 3713 sui
1953 3663 2204 3729 tempore
2240 3661 2543 3731 quicquam
2575 3661 2736 3716 duxit
2765 3662 2912 3715 anti-

611 3739 802 3806 quius,
851 3756 1021 3806 quam
1065 3744 1132 3793 ut
1168 3741 1300 3793 urbs
1339 3741 1523 3794 Roma
1564 3783 1611 3794 ..
1637 3783 1648 3794 .
1687 3744 1877 3794 uetere
1915 3740 2156 3809 polleret
2202 3741 2541 3795 auctoritate
2579 3742 2638 3794 et
2673 3741 2912 3796 ecclesia

614 3861 625 3872 .
668 3861 679 3872 .
722 3861 733 3872 .
792 3821 940 3872 esset
994 3823 1212 3873 ornata.
1445 3825 1475 3872 9
1533 3825 1602 3887 cf.
1657 3822 1838 3875 Victo-r
1886 3823 2034 3876 Caes.
2087 3827 2138 3886 9,
2169 3826 2199 3874 1
2259 3823 2356 3890 (ad
2401 3839 2462 3890 p.
2503 3826 2632 3887 306,
2664 3825 2716 3890 1)

614 3906 676 3952 11
702 3917 821 3968 sqq.
862 3901 1099 3968 Eutrop.
1135 3902 1253 3953 VII
1276 3907 1367 3966 20,
1398 3907 1427 3954 1
1470 3905 1543 3968 (u.
1585 3901 1662 3954 ad
1699 3907 1823 3968 310,
1856 3905 1942 3968 11)

757 4120 783 4166 1
824 4114 1056 4181 quidam
1088 4114 1183 4166 311¹
1346 4115 1635 4167 orantibus
1677 4115 1746 4168 H
1911 4121 1942 4168 2
2000 4115 2195 4168 amicis
2233 4131 2335 4170 om.
2371 4115 2422 4168 G
2595 4131 2696 4168 nec
2735 4113 2920 4170 defuit

609 4195 843 4247 euentus
875 4195 942 4248 H
1080 4201 1110 4246 5
1150 4194 1239 4247 his
1277 4193 1408 4263 (biis
1438 4195 1510 4262 L)
1548 4195 1702 4248 codd.
1735 4203 1957 4264 praete-r
1987 4197 2042 4250 R
2188 4201 2219 4248 9
2259 4197 2554 4249 nutantem
2585 4211 2702 4248 rem
2728 4193 2918 4264 publi-

610 4290 734 4327 cam
770 4275 821 4328 G
962 4281 1026 4327 10
1056 4275 1258 4328 deinde
1288 4291 1551 4327 exornare
1585 4277 1674 4334 Le
1815 4280 1878 4327 17
1909 4275 2254 4343 persolueret
2282 4275 2333 4328 G
2473 4281 2538 4328 19
2567 4273 2918 4346 fragrantem

616 4355 720 4420 Τς,
775 4354 949 4422 fragl—
997 4353 1388 4424 HGLHQP,
1434 4355 1613 4424 flagr-
1665 4354 1974 4410 MRPSN¹
2152 4359 2319 4424 ptura
2369 4357 2420 4410 G
2603 4361 2665 4407 21
2717 4353 2918 4408 allium

612 4435 716 4504 QR
891 4439 957 4487 23
994 4451 1098 4503 per
1132 4435 1287 4488 uicos
1327 4452 1359 4493 ς
1532 4435 1922 4488 commeabant
1961 4435 2163 4490 POST
2321 4441 2388 4488 25
2427 4438 2557 4504 post
2592 4435 2775 4506 h(a)ec
2811 4438 2920 4488 XT

603 4506 801 4584 (uu-ly.)
949 4514 1287 4569 excalciatos
1330 4515 1397 4578 G,
1437 4514 1797 4568 discalciatos
1843 4516 1891 4568 Τ
