3259 5209
1097 442 1314 495 DIVVS
1361 441 1571 496 TITVS
1620 453 1750 503 [cu.
1783 453 1932 502 9—11]
2531 441 2659 504 333

358 605 563 668 altero
611 609 675 669 et
724 603 1213 691 quadragesimo
1261 606 1487 670 aetatis
1535 625 1720 669 anno,
1814 604 1986 689 quod
2033 609 2105 669 ut
2159 607 2372 690 palam
2421 605 2659 670 factum

360 715 476 792 est,
532 732 662 776 non
712 733 897 776 secus
946 716 1138 796 atque
1184 713 1253 776 in
1299 712 1656 777 domestico
1703 713 1880 777 luctu
1930 712 2359 776 maerentibus
2405 712 2662 797 publice

364 818 634 902 cunctis,
695 824 951 883 senatus
1012 821 1192 902 prius
1253 841 1443 902 quam
1505 819 1717 883 edicto
1773 823 2235 884 conuocaretur
2291 819 2371 883 ad
2419 819 2659 883 curiam

361 925 714 1003 concurrit,
774 924 1214 1010 obseratisque
1269 926 1477 990 adhuc
1532 925 1805 1009 foribus,
1865 926 2094 990 deinde
2141 926 2394 1009 apertis,
2448 928 2660 989 tantas

303 1053 326 1064 ·
360 1035 620 1096 mortuo
668 1033 910 1117 gratias
957 1033 1092 1116 egit
1128 1032 1475 1116 laudesque
1514 1033 1856 1119 congessit,
1903 1037 2174 1116 quantas
2212 1054 2292 1096 ne
2330 1034 2483 1096 uiuo
2523 1034 2662 1115 qui-

362 1137 507 1202 dem
556 1160 862 1222 umquam
913 1143 1104 1224 atque
1152 1140 1486 1224 praesenti.

360 1313 421 1366 in
461 1316 676 1382 eodem,
715 1332 825 1384 quo
863 1317 1041 1384 pater,
1082 1315 1232 1385 apud
1264 1314 1501 1369 Sabinos
1531 1330 1668 1384 agro
1706 1314 1852 1369 febri
1879 1314 2112 1368 interiit.
2184 1317 2333 1368 Oreo.
2367 1315 2489 1367 VII
2519 1319 2572 1379 9,
2595 1319 2660 1367 14

360 1394 419 1446 in
450 1395 647 1450 eadem
675 1395 834 1461 uilla,
864 1412 976 1464 qua
1005 1398 1167 1465 pater
1194 1393 1331 1462 eius,
1361 1395 1555 1450 morbo
1586 1395 1917 1463 absumptus
1947 1397 2046 1449 est.
2112 1395 2235 1449 VII
2263 1398 2315 1459 9,
2338 1398 2406 1448 13
2433 1393 2662 1447 biennio

362 1478 493 1544 post
520 1475 931 1544 Vespasianum
968 1475 1246 1542 regnauit.

507 1561 537 1608 2
596 1558 832 1625 Eutrop.
876 1556 964 1610 VI
965 1557 994 1608 l
1024 1560 1118 1621 22,
1146 1560 1184 1609 2
1239 1559 1431 1609 tantus
1486 1555 1674 1609 luctus
1730 1572 1796 1610 eo
1843 1559 2061 1610 mortuo
2109 1555 2370 1625 publicus
2417 1554 2553 1620 fuit,
2599 1556 2663 1607 ut

361 1652 555 1689 omnes
610 1638 899 1703 tamquam
955 1637 1013 1689 in
1060 1635 1289 1704 propria
1341 1635 1625 1690 doluerint
1671 1635 1932 1691 orbitate.
2006 1637 2232 1689 senatus
2279 1635 2439 1689 obitu
2486 1634 2662 1702 ipsius

361 1715 512 1769 circa
556 1732 851 1785 uesperam
898 1716 1159 1770 nuntiato
1205 1719 1369 1770 nocte
1411 1716 1628 1784 inrupit
1665 1716 1723 1769 in
1770 1717 1983 1770 curiam
2031 1720 2090 1771 et
2125 1719 2313 1770 tantas
2351 1716 2403 1769 ei
2442 1718 2661 1768 mortuo

364 1794 559 1850 laudes
615 1796 940 1866 gratiasque
997 1797 1294 1865 congessit,
1352 1800 1592 1865 quantas
1649 1813 1752 1850 nec
1806 1796 1940 1850 uiuo
1998 1813 2264 1865 umquam
2321 1798 2514 1865 egerat
2561 1809 2662 1847 nec

363 1876 665 1944 praesenti.
752 1878 934 1931 Victor
973 1879 1120 1931 Caes.
1164 1882 1251 1941 10,
1279 1882 1314 1931 6
1359 1876 1526 1931 huius
1574 1893 1708 1930 sane
1755 1893 1918 1930 mors·
1949 1877 2091 1930 adeo
2137 1875 2446 1946 prouinciis
2481 1874 2659 1928 luctui

363 1954 491 2022 fuit,
527 1957 615 2009 uti
655 1998 668 2011 .
701 1998 712 2009 .
745 1999 755 2010 .
804 1957 1062 2010 orbatum
1100 1957 1291 2010 orbem
1331 1955 1613 2011 deflerent.
1691 1959 1845 2027 Epic.
1877 1962 1966 2023 10,
1995 1962 2067 2011 16
2102 1957 2269 2010 huius
2305 1973 2471 2018 mors,
2510 1955 2662 2008 credi

361 2036 460 2089 uix
497 2039 708 2105 potest,
760 2040 1032 2105 quantum
1078 2037 1263 2090 luctus
1302 2037 1427 2090 urbi
1466 2037 1885 2105 prouinciisque
1922 2036 2205 2102 intulerit,
2253 2037 2394 2091 adeo
2432 2038 2498 2089 ut
2535 2052 2660 2089 eum

364 2156 378 2166 .
413 2159 424 2169 .
457 2158 469 2170 .
517 2117 679 2184 quasi
718 2120 988 2186 perpetuo
1027 2117 1259 2171 custode
1298 2117 1554 2171 orbatum
1594 2121 1869 2171 terrarum
1907 2117 2099 2171 orbem
2147 2116 2428 2172 deflerent.
2509 2117 2661 2170 Oros,

378 2199 500 2251 VII
530 2202 582 2262 9,
602 2203 671 2250 14
719 2214 846 2251 cum
884 2197 1102 2268 ingenti
1142 2197 1392 2250 omnium
1431 2198 1601 2250 luctu.

508 2363 542 2410 4
580 2359 826 2412 cucurrit
866 2358 1020 2428 QSN
1050 2360 1211 2427 (pars
1246 2357 1390 2426 edd.)
1537 2364 1568 2411 5
1610 2361 1851 2426 quantas
1892 2358 2176 2427 congessit
2211 2358 2291 2411 ed.
2315 2375 2405 2426 pr.
2431 2357 2556 2410 Ven.
2587 2358 2659 2410 al.

364 2439 651 2507 (Gronov.)
798 2455 901 2492 nec
944 2438 1102 2492 HRS

507 2528 710 2582 subsc-r.
786 2545 831 2580 c.
872 2527 1092 2613 suetoni
1142 2526 1434 2596 tranquilli
1483 2528 1551 2580 de
1605 2528 1731 2580 uita
1787 2530 2016 2580 caesai-fi
2063 2526 2227 2580 diuus
2275 2527 2416 2580 titus
2463 2525 2660 2595 explic.

366 2616 569 2685 incipit
606 2616 881 2670 domitian
919 2616 1100 2670 felicit
1139 2618 1214 2670 M
1246 2623 1295 2670 et
1329 2618 1447 2670 sim.
1481 2618 1594 2671 HR
1641 2618 1934 2686 (augustus
1971 2632 2080 2684 pro
2117 2616 2256 2669 titus
2295 2618 2375 2682 Π,
2422 2614 2665 2668 feliciter

362 2714 468 2751 om.
502 2697 573 2764 R)
765 2695 997 2764 explicit
1034 2697 1199 2750 diuus
1236 2698 1390 2750 titus.
1431 2696 1632 2765 incipit
1673 2696 1838 2749 diuus
1877 2695 2224 2749 domicianus
2264 2694 2506 2749 feliciter
2547 2695 2593 2763 Q

368 2777 603 2846 explicit
638 2776 735 2830 lib.
767 2777 856 2829 XI.
888 2776 1090 2846 incipit
1120 2777 1187 2829 de
1219 2777 1529 2830 domitiano
1560 2776 1656 2830 lib.
1689 2776 1790 2830 XII
1820 2778 1916 2830 LS
1941 2776 2032 2845 (de
2062 2776 2371 2830 domitiano
2400 2792 2500 2830 om.
2531 2777 2589 2842 S)

368 2857 574 2927 incipit
610 2858 951 2911 domitianus
993 2858 1044 2911 G
1189 2858 1345 2911 nulla
1383 2859 1584 2911 subscr.
1618 2860 1677 2910 in
1717 2859 1771 2912 P
