3259 5209
622 424 660 488 8
1303 425 1360 480 C.
1401 426 1719 481 SVETONI
1754 428 2201 493 TRANQVILLI

621 588 769 652 silia
808 590 1288 654 coniuratorum
1328 589 1670 673 detexerat,
1717 592 2068 657 constituta
2106 570 2289 655 erant
2325 592 2583 676 publice
2620 596 2925 677 praemia.

621 692 851 759 Curius
899 717 934 759 e
981 693 1261 759 Catilina
1307 718 1374 760 se
1420 698 1804 782 cognouisse
1852 698 2120 782 dicebat,
2166 697 2425 764 Vettius
2474 700 2666 763 etiam
2716 701 2927 764 chiro-

548 818 580 865 2
620 800 938 887 graphum
996 803 1132 866 eius
1191 800 1504 867 Catilinae
1560 803 1781 869 datum
1839 806 2280 889 pollicebatur.
2365 805 2429 869 id
2484 829 2639 871 uero
2695 805 2927 871 Caesar

618 908 800 972 nullo
859 908 1050 972 modo
1109 908 1512 973 tolerandum
1569 910 1973 993 existimans,
2029 934 2174 976 cum
2223 911 2545 996 inplorato
2597 911 2925 977 Ciceronis

619 1014 992 1079 testimonio
1035 1015 1344 1097 quaedam
1383 1036 1450 1079 se
1489 1016 1565 1080 de
1603 1018 2048 1082 coniuratione
2092 1018 2266 1082 ultro
2313 1019 2395 1082 ad
2432 1041 2578 1083 eum
2619 1018 2925 1085 detulisse
2984 1046 3012 1085 5

619 1120 959 1204 docuisset,
1005 1142 1086 1184 ne
1135 1120 1330 1187 Curio
1378 1124 1663 1205 praemia
1709 1124 2013 1189 darentur
2059 1125 2297 1209 effecit3
2354 1124 2651 1190 Vettium
2698 1128 2929 1213 pigno-

618 1226 796 1291 ribus
859 1228 1064 1311 captis
1126 1233 1190 1292 et
1252 1229 1500 1313 direpta
1567 1230 1964 1313 supellectile
2028 1232 2193 1296 male
2252 1233 2607 1297 mulcatum
2668 1254 2743 1296 ac
2806 1256 2925 1316 pro

617 1335 846 1397 rostris
911 1335 977 1397 in
1044 1336 1344 1399 contione
1407 1357 1611 1417 paene
1676 1336 2069 1421 discerptum
2145 1340 2374 1402 coiecit
2443 1340 2514 1401 in
2581 1360 2927 1423 carcerem3

619 1440 843 1504 eodem
882 1440 1169 1506 Nouium
1211 1446 1635 1525 quaestorem,
1675 1443 1844 1525 quod
1885 1445 2261 1528 compellari
2297 1445 2466 1528 apud
2506 1468 2573 1509 se
2611 1447 2925 1510 maiorem

618 1550 1004 1631 potestatem
1050 1570 1276 1630 passus
1325 1552 1506 1612 esset.
2956 1579 3012 1617 ιο

514 1652 602 1718 18
803 1654 904 1717 Ex
976 1658 1278 1738 praetura
1341 1653 1711 1719 ulteriorem
1782 1656 2051 1719 sortitus
2116 1655 2497 1740 Hispaniam
2574 1660 2925 1723 retinentes

620 1760 967 1824 creditores
1017 1762 1384 1824 interuentu
1443 1782 1829 1843 sponsorum
1886 1763 2167 1826 remouit
2220 1784 2294 1827 ac
2341 1784 2548 1846 neque
2595 1785 2773 1828 more
2817 1787 2929 1829 ne-

619 1888 744 1949 que
793 1868 957 1949 iure,
1004 1872 1151 1931 ante
1199 1888 1391 1949 quam
1437 1868 1809 1950 prouinciae
1856 1868 2383 1953 or[di]narentur,
2427 1871 2755 1953 profectus
2801 1876 2925 1935 est:

621 1974 936 2036 incertum
1001 1976 1257 2036 metune
1322 1973 1575 2056 iudicii,
1643 1974 1815 2056 quod
1878 1975 2137 2058 priuato
2202 1976 2581 2060 parabatur,
2646 2000 2727 2041 an
2794 2000 2924 2061 quo

618 2080 932 2143 maturius
996 2080 1186 2144 sociis
1249 2079 1723 2162 inplorantibus
1784 2081 2183 2165 subueniret3
2247 2087 2601 2166 pacataque
2661 2086 2924 2168 prouin-
2955 2110 3007 2149 1⁵

620 2187 719 2249 cia
794 2186 934 2269 pari
1007 2184 1445 2268 festinatione,
1509 2208 1641 2250 non
1708 2192 2043 2271 expectato
2118 2210 2484 2253 successore
2552 2190 2634 2253 ad
2697 2192 2925 2254 trium-

550 2310 580 2356 2
621 2292 821 2374 phum
889 2293 1080 2355 simul
1145 2292 1675 2375 consulatumque
1741 2294 2030 2358 decessit.
2125 2295 2234 2359 sed
2301 2317 2446 2359 cum
2506 2296 2733 2361 edictis
2794 2298 2924 2361 iam

620 2399 875 2462 comitis
930 2400 1097 2461 ratio
1154 2399 1291 2462 eius
1345 2398 1567 2463 haberi
1624 2422 1757 2463 non
1812 2404 2032 2483 posset
2076 2402 2201 2464 nisi
2249 2404 2545 2484 priuatus
2593 2403 2927 2467 introisset

619 2504 873 2589 urbem,
931 2486 1002 2568 ‘et
1064 2505 1372 2569 ambienti
1419 2510 1491 2569 ut
1539 2507 1791 2591 legibus
1850 2508 2208 2571 solueretur
2254 2508 2442 2572 multi
2491 2514 2711 2573 contra
2760 2510 2923 2574 dice-

618 2615 790 2695 rent,
848 2616 1106 2676 coactus
1163 2616 1260 2676 est
1304 2614 1737 2697 triumphum,
1794 2636 1874 2678 ne
1922 2614 2259 2679 consulatu
2306 2615 2776 2699 excluderetur,
2832 2616 2926 2681 di·
2954 2644 3008 2682 πο

516 2717 605 2784 19
627 2720 898 2783 mittere.
991 2740 1026 2782 e
1074 2717 1322 2782 duobus
1372 2719 1742 2807 consulatus
1792 2721 2349 2804 competitoribus,
2396 2721 2598 2787 Lucio
2644 2721 2924 2788 Lucceio

619 2824 968 2909 Marcoque
1013 2824 1268 2909 Bibulo,
1315 2824 1660 2890 Lucceium
1708 2826 1835 2890 sibi
1882 2827 2175 2891 adiunxit
2220 2832 2446 2911 pactus
2493 2832 2567 2893 ut
2624 2830 2708 2909 is,
2769 2850 2923 2913 quo·

618 2932 792 2996 niam
854 2932 1123 2997 inferior
1176 2934 1385 3017 gratia
1441 2938 1610 2995 esset
1674 2934 2071 3016 pecuniaque
2126 2933 2424 3019 polleret,
2488 2956 2789 2999 nummos
2848 2935 2925 3000 de

622 3060 737 3103 suo
785 3040 1110 3104 communi
1148 3040 1407 3103 nomine
1445 3060 1560 3122 per
1598 3040 1919 3103 centurias
1956 3042 2421 3123 pronuntiaret.
2500 3063 2627 3123 qua
2662 3042 2925 3127 cognita

619 3168 687 3210 re
736 3147 1095 3229 optimates,
1142 3168 1306 3229 quos
1351 3150 1561 3209 metus
1610 3150 1865 3229 ceperat
1913 3145 2074 3209 nihil
2119 3168 2251 3211 non
2303 3169 2609 3211 ausurum
2657 3170 2805 3212 eum
2852 3149 2921 3212 in
2952 3174 3002 3214 2⁵

621 3274 874 3315 summo
921 3253 1302 3338 magistratu
1351 3251 1653 3315 concordi
1700 3256 1764 3315 et
1812 3254 2249 3318 consentiente
2298 3254 2572 3338 collega,
2628 3258 2923 3320 auctores

621 3357 857 3422 Bibulo
924 3358 1185 3423 fuerunt
1251 3358 1628 3423 tantundem
1689 3358 2064 3442 pollicendi,
2124 3382 2197 3423 ac
2261 3360 2551 3443 plerique
2616 3363 2923 3445 pecunias

622 3465 1046 3548 contulerunt,
1102 3488 1182 3529 ne
1239 3462 1480 3529 Catone
1539 3464 1797 3548 quidem
1856 3466 2174 3531 abnuente
2231 3489 2369 3530 eam
2428 3468 2839 3553 largitionem
2890 3490 2925 3531 e

621 3593 688 3634 re
736 3571 996 3655 publica
1043 3572 1198 3635 fieri.

763 3913 794 3959 2
835 3908 1021 3960 curius
1057 3910 1105 3961 Τ
1132 3914 1182 3961 et
1216 3908 1296 3962 sic
1336 3908 1388 3960 V
1417 3908 1480 3961 in
1519 3925 1686 3978 mai-9.
1729 3926 1797 3960 m.
1830 3913 1888 3973 1,
1938 3908 2089 3960 curio
2124 3910 2197 3961 M
2206 3908 2319 3961 GV
2346 3911 2429 3977 (in
2466 3912 2634 3977 textu)
2657 3913 2714 3962 X
2745 3912 2827 3979 (in
2861 3910 2929 3963 M

618 4005 822 4041 rasura
857 4004 1032 4055 supra
1072 4003 1103 4040 o
1142 3994 1193 4042 et
1218 4006 1360 4056 sequ.
1393 4004 1452 4053 e,
1489 3990 1617 4054 fort.
1650 4005 1674 4039 s
1704 4005 1880 4052 erasa,
1918 3995 2053 4042 certe
2082 3989 2298 4041 curiose
2328 3996 2401 4043 est
2430 3990 2493 4042 in
2522 3993 2575 4059 δ’)
2723 4006 2753 4043 e
2782 3990 2923 4043 cati-

620 4066 764 4138 lina]
804 4066 1095 4121 catilinam
1128 4068 1204 4133 G,
1248 4069 1384 4136 quia
1420 4084 1522 4137 per
1560 4067 1852 4120 catilinam
1891 4071 1949 4119 X
2086 4074 2117 4119 6
2156 4068 2372 4121 curioni
2406 4068 2499 4121 Μ2
2647 4074 2675 4121 ’1
2714 4070 2922 4123 multa-

619 4150 740 4200 tum
780 4146 911 4201 X'Y
1073 4155 1103 4200 9
1144 4148 1340 4201 eodem
1378 4147 1522 4219 (et)
1566 4148 1797 4202 Gasaub.
1838 4146 1951 4215 (33²)
2114 4152 2179 4199 13
2219 4148 2612 4201 ordinarentur
2651 4149 2923 4215 (ordiren-

619 4230 712 4280 tur
765 4229 854 4295 ()¹)
897 4231 975 4294 Ω,
1038 4246 1176 4284 corr.
1223 4229 1534 4283 Lambinus
1718 4234 1783 4279 10
1839 4227 1899 4279 in
1945 4228 2140 4280 urbem
2189 4228 2237 4280 G
2260 4230 2308 4281 T
2482 4234 2545 4280 ‘21
2598 4228 2923 4283 consulatus

620 4308 856 4376 (consol-
889 4309 987 4376 M)
1026 4325 1126 4362 om.
1159 4326 1218 4373 ς,
1254 4310 1516 4378 ylossema
1547 4314 1749 4375 putant
1789 4308 1939 4360 Torr.
1980 4308 2051 4360 al.
2200 4306 2382 4361 luceio
2417 4307 2537 4361 ΘΧ
2541 4308 2595 4361 R
2741 4314 2809 4360 22
2840 4308 2924 4361 lu-

621 4388 804 4441 ceium
843 4392 1049 4455 (-ceum
1092 4388 1291 4457 0>GX
1431 4393 1497 4439 25
1537 4388 1856 4456 optumates
1890 4388 1961 4440 M
1970 4407 2021 4451 ε,
2076 4388 2307 4457 yios-sam
2352 4387 2669 4455 antiquitus
2709 4388 2925 4441 dictum

619 4468 796 4522 adse-r.
839 4469 910 4521 Μ
917 4468 936 4498 ²
1116 4484 1229 4521 non
1275 4467 1420 4520 nihil
1460 4468 1511 4521 G
1559 4466 1808 4537 (nihil—
1833 4484 2049 4519 summo
2098 4484 2197 4521 om.
2244 4469 2317 4536 Τ)
2507 4474 2571 4521 27
2631 4466 2923 4536 pollicenti

621 4548 784 4613 (-ceri
821 4548 889 4617 T)
924 4548 997 4601 Μ
1006 4546 1140 4601 GX‘
1292 4553 1358 4601 28
1399 4547 1627 4614 quidem
1665 4564 1765 4601 om.
1818 4548 1869 4599 V

3220 0 3255 299 πᾳ

3252 2442 3254 2641 ———
3245 1874 3255 2389 ..—„„-....———
3239 1024 3255 1827 dn—d.——i-——-
3236 532 3255 1005 -m——„
3236 372 3255 515 i*
