3259 5209
610 422 696 486 86
1306 421 1362 475 C.
1404 421 1722 476 SVETONI
1759 420 2207 487 TRANQV'ILLI

608 585 937 667 deesset,
1006 585 1433 649 destituere
1498 606 1573 649 ac
1637 586 2184 668 praedamnare
2249 585 2575 649 amicum
2641 585 2915 649 existi-

606 695 972 777 maretur;
1024 697 1089 755 et
1135 691 1682 756 consentientibus
1732 691 2049 756 uniuersis
2097 691 2262 755 sedit
2311 693 2378 755 in
2424 691 2749 756 subselliis
2795 714 2916 775 per

609 798 859 881 aliquot
903 798 1113 881 horas,
1159 820 1382 862 uerum
1424 799 1662 863 tacitus
1701 803 1766 862 et
1801 820 1882 862 ne
1918 796 2288 862 laudatione
2327 798 2585 882 quidem
2626 797 2914 863 iudiciali

536 922 570 970 4
609 904 778 969 data.
844 905 1029 969 affuit
1067 910 1131 968 et
1170 904 1529 990 clientibus,
1568 904 1736 969 sicut
1772 902 2066 969 Scutario
2107 904 2358 968 cuidam
2398 909 2669 969 euocato
2709 927 2914 988 quon-

606 1013 755 1077 dam
794 1034 931 1097 suo,
972 1013 1082 1096 qui
1119 1012 1568 1095 postulabatur
1594 1011 1990 1077 iniuriarum.
2057 1032 2254 1075 unum
2297 1012 2560 1077 omnino
2591 1034 2624 1075 e
2653 1034 2914 1077 reorum
2971 1040 3000 1079 ⁵

606 1141 875 1183 numero
914 1142 989 1183 ac
1024 1142 1104 1183 ne
1141 1141 1285 1183 eum
1328 1118 1584 1202 quidem
1623 1120 1749 1182 nisi
1787 1118 2086 1202 precibus
2115 1119 2370 1203 eripuit,
2400 1121 2663 1182 exorato
2695 1138 2914 1182 coram

607 1225 929 1291 iudicibus
984 1229 1380 1309 accusatore,
1440 1225 1850 1308 Castricium,
1909 1248 2026 1311 per
2081 1248 2272 1309 quem
2329 1225 2407 1289 de
2463 1224 2914 1291 coniuratione

605 1330 911 1397 Murenae
958 1336 1365 1419 cognouerat.

500 1436 590 1502 5¹7
788 1438 917 1504 Pro
966 1440 1199 1522 quibus
1247 1440 1496 1503 meritis
1544 1444 1785 1523 quanto
1843 1461 2035 1523 opere
2087 1438 2358 1503 dilectus
2405 1439 2519 1521 sit,
2573 1438 2762 1503 facile
2811 1443 2914 1503 est

606 1548 962 1611 aestimare.
1057 1548 1289 1611 omitto
1346 1551 1607 1610 senatus
1665 1547 1984 1630 consulta,
2032 1548 2184 1629 quia
2228 1550 2504 1631 possunt
2549 1547 2756 1609 uideri
2803 1546 2914 1611 uel
2941 1574 2998 1613 10

604 1654 986 1719 necessitate
1034 1675 1336 1737 expressa
1381 1654 1487 1717 uel
1531 1652 1932 1717 uerecundia.
2017 1654 2266 1738 equites
2314 1653 2389 1717 R.
2435 1654 2719 1721 natalem
2767 1654 2911 1717 eius

605 1766 836 1843 sponte
882 1764 1075 1843 atque
1122 1783 1435 1825 consensu
1481 1760 1680 1824 biduo
1730 1782 1983 1844 semper
2027 1762 2445 1825 celebrarunt.
2538 1781 2760 1824 omnes
2811 1782 2912 1823 or-

606 1866 785 1931 dines
842 1869 909 1932 in
966 1869 1176 1932 lacum
1227 1866 1406 1931 Curti
1465 1868 1810 1951 quotannis
1858 1890 1936 1931 ex
1983 1872 2138 1932 uoto
2195 1889 2313 1952 pro
2360 1868 2566 1932 salute
2611 1868 2750 1931 eius
2798 1869 2912 1931 sti·

602 1996 751 2057 pem
799 1973 1142 2057 iaciebant,
1199 1975 1355 2039 item
1410 1974 1551 2038 Kal.
1599 1973 1729 2038 Ian.
1789 1974 2172 2058 stren[u]am
2224 1975 2292 2037 in
2341 1972 2661 2058 Capitolio
2711 1974 2909 2039 etiam

604 2081 885 2165 absenti,
937 2104 1016 2145 ex
1063 2103 1190 2164 qua
1235 2103 1485 2145 summa
1531 2082 1996 2165 pretiosissima
2044 2081 2307 2145 deorum
2357 2082 2700 2146 simulacra
2744 2104 2909 2145 mer·
2941 2106 2994 2147 ιε

605 2192 787 2252 catus
848 2188 1112 2253 uicatim
1175 2187 1533 2269 dedica-bat,
1592 2192 1668 2251 ut
1726 2188 2094 2271 Apollinem
2159 2186 2628 2252 Sandaliarium
2687 2192 2753 2252 et
2809 2186 2910 2253 Io-

534 2308 565 2353 2
603 2316 752 2357 uem
798 2292 1201 2378 Tragoedum
1252 2294 1519 2377 aliaque.
1606 2296 1674 2360 in
1711 2296 2272 2378 restitutione<m>
2309 2293 2640 2359 Palatinae
2677 2294 2908 2359 domus

605 2400 899 2464 incendio
966 2400 1341 2484 absumptae
1408 2402 1723 2483 ueterani,
1789 2401 2108 2482 decuriae,
2177 2401 2384 2465 tribus
2452 2406 2644 2486 atque
2709 2404 2908 2466 etiam

605 2506 989 2591 singillatim
1038 2528 1071 2570 e
1128 2512 1337 2571 cetero
1396 2530 1627 2594 genere
1683 2508 2018 2573 hominum
2075 2508 2348 2573 libentes
2405 2529 2481 2572 ac
2534 2530 2652 2592 pro
2709 2510 2908 2573 facul-

601 2618 735 2677 tate
784 2615 1055 2697 quisque
1102 2616 1402 2698 pecunias
1451 2616 1877 2698 contulerunt,
1925 2615 2248 2679 delibante
2295 2619 2548 2679 tantum
2585 2616 2779 2680 modo
2829 2639 2904 2681 eo
2937 2641 2992 2679 so

604 2741 997 2784 summarum
1064 2743 1327 2785 aceruos
1394 2744 1599 2804 neque
1667 2745 1744 2785 ex
1814 2744 2140 2805 quoquam
2204 2722 2351 2806 plus
2416 2722 2676 2787 denario
2733 2723 2906 2787 aufe-

601 2832 796 2891 rente.
874 2832 1298 2892 reuertentem
1350 2850 1427 2892 ex
1474 2830 1810 2913 prouincia
1853 2851 1986 2893 non
2034 2830 2244 2893 solum
2291 2830 2522 2893 faustis
2561 2828 2907 2913 ominibus,

603 2935 715 2997 sed
791 2939 853 2997 et
928 2935 1275 2999 modulatis
1350 2935 1742 3000 carminibus
1817 2936 2386 3020 prosequebantur.
2490 2936 2906 3000 obseruatum

602 3042 797 3104 etiam
854 3046 976 3123 est,
1033 3066 1111 3107 ne
1169 3044 1467 3125 quotiens
1525 3043 1820 3106 introiret
1875 3042 2130 3125 urbem,
2186 3044 2574 3127 supplicium
2623 3042 2700 3107 de
2747 3063 2906 3127 quo—

497 3142 588 3209 58
608 3170 797 3231 quam
849 3154 1221 3213 sumeretur.
1299 3148 1510 3212 Patris
1558 3150 1804 3233 patriae
1844 3172 2203 3235 cognomen
2239 3150 2523 3214 uniuersi
2562 3151 2905 3234 repentino
2935 3174 2987 3214 25

602 3256 1011 3339 maximoque
1079 3278 1391 3319 consensu
1467 3256 1833 3319 detulerunt
1898 3256 1980 3320 ei:
2056 3258 2267 3340 prima
2329 3255 2512 3341 plebs
2577 3256 2906 3342 legatione

601 3360 871 3425 Antium
938 3363 1159 3445 missa3
1236 3362 1407 3443 dein,
1474 3362 1623 3446 quia
1687 3384 1818 3426 non
1893 3364 2268 3447 recipiebat,
2345 3364 2592 3427 ineunti
2656 3363 2904 3428 Romae

746 3560 812 3607 25
871 3555 1055 3608 Victor
1104 3556 1250 3609 Cae-3.
1296 3561 1352 3620 1,
1392 3562 1426 3607 6
1490 3559 1655 3624 pater
1708 3556 1928 3623 patriae
1985 3555 2055 3609 ob
2112 3556 2470 3609 clement-iam
2513 3599 2524 3609 .
2557 3599 2567 3609 .
2602 3601 2612 3610 .
2654 3556 2902 3610 habitus.

603 3635 759 3703 Epic.
802 3642 850 3699 1,
880 3639 955 3687 2&
993 3638 1211 3702 patrem
1249 3636 1467 3704 patriae
1507 3636 1727 3689 dixerat
1763 3642 1999 3690 senatus.

746 3829 772 3874 7
816 3822 1076 3875 castricio
1102 3822 1151 3875 G
1299 3828 1365 3874 10
1395 3822 1552 3893 quia]
1583 3839 1729 3890 quae
1759 3824 1836 3875 ed.
1863 3825 2018 3878 Rom.
2045 3825 2116 3876 II
2151 3826 2275 3877 Ven.
2297 3826 2336 3877 Ι
2352 3825 2536 3894 (tuly.)
2687 3830 2749 3877 12
2771 3842 2900 3878 con-

602 3919 763 3956 cessu
801 3906 871 3967 52,
910 3904 971 3955 in
1002 3905 1056 3957 R.
1094 3919 1183 3955 ces
1224 3904 1283 3955 in
1322 3920 1428 3957 ras.
1463 3906 1549 3971 (m.
1583 3902 1674 3968 1?)
1711 3904 1838 3967 fort.
1879 3921 2014 3957 corr.
2048 3922 2113 3957 ex
2151 3920 2439 3971 consensu,
2480 3912 2540 3959 ut
2576 3912 2652 3959 est
2688 3906 2746 3957 in
2778 3906 2899 3959 edd.

600 3990 705 4036 αρε.
738 3984 915 4051 (Rom.
940 3984 1013 4036 II
1035 3985 1129 4040 al.)
1232 3982 1592 4035 celebrabant
1616 3984 1811 4036 Modd.
1924 3990 1986 4035 13
2019 3983 2184 4036 curtii
2206 3988 2276 4049 X,
2313 3985 2486 4037 curtis
2512 3986 2563 4039 G
2666 3991 2731 4037 14
2762 3988 2900 4038 stre-

602 4078 733 4115 nam
773 4062 937 4129 11212,
978 4066 1264 4115 strenuam
1308 4065 1368 4127 T,
1408 4066 1694 4115 strenuam
1731 4066 1823 4117 rel.
1864 4066 2139 4131 (strenuas
2171 4066 2258 4133 P),
2297 4066 2366 4129 cf.
2403 4066 2519 4119 Tib.
2543 4070 2615 4117 34
2769 4082 2899 4118 con-

602 4144 858 4197 ferebant
877 4150 1004 4212 post
1033 4141 1311 4211 Capitolio
1343 4144 1469 4197 add.
1502 4144 1710 4208 Duker,
1739 4143 2053 4196 fundebant
2076 4145 2268 4198 Modd.
2410 4150 2475 4198 16
2516 4144 2900 4198 sandaliarum

607 4226 677 4278 M
684 4224 758 4277 ¹G
898 4231 959 4278 17
999 4224 1415 4277 restitutionem
1444 4225 1596 4285 HR,
1635 4240 1730 4276 -ne
1764 4225 1854 4277 rel.
1889 4226 1982 4291 (5211
2132 4229 2195 4275 18
2236 4224 2509 4293 abruptae
2539 4228 2596 4277 X
2735 4230 2801 4277 19
2845 4242 2900 4278 e-

601 4306 784 4357 cetere
818 4306 903 4369 M,
945 4309 1130 4375 cetera
1170 4308 1237 4371 (et
1274 4312 1389 4358 tum
1426 4306 1655 4372 genera)
1689 4305 1737 4357 G
1885 4303 2126 4357 libenter
2158 4305 2209 4357 G
2355 4311 2422 4356 20
2462 4305 2827 4359 conferebant
2841 4306 2908 4359 N

603 4391 668 4436 21
700 4401 901 4437 aceruo
922 4386 974 4437 G
1118 4385 1432 4438 autferente
1452 4386 1537 4449 M,
1568 4388 1666 4437 aut
1696 4384 1986 4451 frequente
2011 4386 2061 4437 V
2199 4390 2265 4436 22
2302 4384 2582 4437 ominibus
2616 4386 2685 4451 G,
2723 4386 2900 4438 omni-

600 4464 705 4517 bus
742 4466 836 4518 rel.
866 4471 914 4517 et
946 4465 1009 4516 N
1042 4470 1158 4533 (per
1186 4464 1561 4533 compendium.
1592 4466 1855 4532 ple-rimae,
1893 4465 1949 4516 in
1986 4466 2039 4517 P
2070 4482 2135 4518 ss.
2167 4483 2234 4518 m.
2264 4468 2350 4534 2),
2387 4466 2710 4520 nominibus
2743 4468 2898 4520 Torr.

602 4548 669 4597 25
707 4545 969 4597 uniuerso
1011 4545 1131 4614 ΜΩ
1276 4551 1341 4597 26
1380 4544 1562 4614 primo
1600 4553 1649 4599 et
1687 4550 1802 4597 tum
1837 4561 1937 4613 per
1974 4545 2190 4598 antium
2233 4547 2284 4600 G

3227 520 3244 993 -..-.—i-——
3215 0 3244 475 *¹*ss
