3259 5209
1002 462 1223 517 DIVVS
1258 462 1642 519 AVGVSTVS
1681 476 1812 525 [uu.
1840 476 2017 526 37-40]
2575 464 2658 529 75

358 630 652 708 spectare
714 624 903 691 ludos
958 648 993 691 e
1040 626 1555 711 quattuordecim
1621 650 1754 693 non
1813 626 2121 693 auderent
2183 630 2360 692 metu
2414 648 2658 711 poenae

362 730 725 817 theatralia,
778 733 1227 817 pronuntiauit
1279 757 1411 799 non
1468 734 1676 800 teneri
1730 756 1831 817 ea,
1886 735 2122 818 quibus
2176 734 2334 819 ipsis
2381 735 2659 825 parenti-

360 834 566 903 busue
610 844 909 923 equester
952 862 1179 906 census
1224 862 1531 925 umquam
1574 840 1822 907 fuisset.

540 944 777 1031 Populi
830 968 1165 1013 recensum
1210 948 1476 1013 uicatim
1524 948 1685 1034 egit,
1739 970 1816 1013 ac
1859 970 1940 1013 ne
1987 948 2170 1034 plebs
2213 947 2657 1013 frumentatio·
2695 964 2726 1013 2

309 1075 335 1117 ι
361 1072 519 1115 num
566 1074 759 1117 causa
802 1054 1202 1138 frequentius
1249 1054 1329 1119 ab
1376 1056 1656 1140 negotiis
1702 1060 2108 1141 auocaretur,
2161 1059 2262 1120 ter
2305 1056 2374 1119 in
2419 1074 2658 1119 annum

364 1162 749 1241 quaternum
792 1183 935 1225 men
946 1162 1113 1226 sium
1160 1166 1434 1226 tesseras
1482 1162 1629 1227 dare
1687 1162 2062 1247 destinauit3
2117 1161 2228 1226 sed
2273 1161 2658 1225 desideranti

362 1265 889 1331 consuetudinem
932 1272 1212 1333 ueterem
1254 1269 1570 1333 concessit
1605 1290 1846 1352 rursuS,
1891 1273 1966 1334 ut
2002 1270 2104 1335 sui
2141 1270 2448 1351 cuiusque
2486 1288 2660 1331 men-

362 1372 453 1433 sis
510 1372 841 1457 acciperet.
934 1375 1343 1439 comitiorum
1403 1397 1660 1458 quoque
1715 1376 2060 1461 pristinum
2119 1376 2220 1441 ius
2273 1374 2530 1440 reduxit
2583 1394 2656 1437 ae

360 1476 709 1562 multiplici
754 1501 963 1565 poena
1006 1482 1286 1547 coercito
1325 1504 1421 1545 am
1434 1481 1595 1565 bitu,
1639 1481 1940 1547 Fabianis
1979 1486 2044 1547 et
2083 1480 2655 1567 Scapt<i>ensibus

280 1609 335 1649 ιο
364 1584 803 1670 tribu<li>bus
850 1588 981 1652 suis
1030 1587 1131 1651 die
1178 1588 1617 1672 comitiorum,
1661 1609 1742 1653 ne
1790 1588 1944 1672 quid
1989 1610 2028 1653 a
2075 1610 2396 1671 quoquam
2445 1586 2655 1651 candi-

364 1690 515 1755 dato
564 1692 1011 1777 desiderarent,
1058 1694 1312 1779 singula
1356 1696 1535 1759 milia
1579 1717 1916 1759 nummum
1965 1717 2002 1759 a
2048 1716 2114 1759 se
2162 1694 2505 1759 diuidebat.

540 1797 763 1885 Magni
808 1805 1137 1884 praeterea
1182 1801 1557 1866 existimans
1604 1804 1924 1866 sincerum
1965 1806 2161 1886 atque
2196 1802 2276 1865 ab
2317 1800 2494 1865 omni
2531 1799 2656 1864 col·
2695 1817 2726 1865 3

356 1903 627 1969 luuione
683 1908 1009 1993 peregrini
1069 1929 1143 1972 ac
1200 1909 1453 1973 seruilis
1512 1909 1844 1993 sanguinis
1899 1909 2344 1992 incorruptum
2402 1929 2656 1971 seruare

362 2014 707 2097 populum,
780 2018 847 2077 et
908 2015 1203 2079 ciuitates
1258 2013 1578 2079 Romanas
1644 2016 2016 2100 parcissime
2074 2016 2246 2079 dedit
2309 2020 2374 2079 et
2441 2035 2656 2079 manu·

280 2140 336 2181 15
365 2119 664 2183 mittendi
712 2120 973 2186 modum
1020 2122 1411 2186 terminauit.
1502 2121 1762 2185 Tiberio
1817 2143 1936 2206 pro
1985 2120 2217 2187 cliente
2265 2118 2503 2185 Graeco
2550 2142 2656 2205 pe-

361 2226 529 2288 tenti
563 2228 909 2311 rescripsit,
952 2249 1087 2291 non
1132 2228 1318 2292 aliter
1362 2250 1431 2292 se
1478 2228 1794 2313 daturum,
1841 2249 2034 2312 quam
2083 2229 2136 2293 si
2183 2248 2484 2311 praesens
2529 2226 2657 2292 sibi

360 2334 809 2416 persuasisset,
870 2357 1061 2418 quam
1122 2336 1324 2399 iustas
1374 2335 1636 2419 petendi
1697 2357 1918 2400 causas
1963 2334 2256 2420 haberet3
2315 2338 2380 2398 et
2433 2334 2656 2399 Liuiae

360 2461 479 2521 pro
540 2440 814 2523 quodam
864 2439 1206 2506 tributario
1264 2440 1449 2505 Gallo
1504 2442 1761 2526 roganti
1819 2442 2146 2506 ciuitatem
2192 2443 2482 2528 negauit,
2538 2443 2656 2505 im-

358 2547 740 2611 munitatem
790 2547 1029 2632 optulit
1066 2548 1393 2611 affirmans
1430 2548 1684 2612 facilius
1731 2569 1797 2613 se
1836 2570 2176 2632 passurum
2211 2550 2368 2613 fisco
2409 2548 2654 2613 detrahi

276 2673 335 2715 20
360 2652 629 2736 aliquid,
668 2677 861 2738 quam
899 2655 1181 2719 ciuitatis
1216 2653 1546 2719 Romanae
1582 2654 1837 2739 uulgari
1874 2654 2203 2720 honorem.
2269 2678 2489 2721 seruos
2523 2678 2654 2721 non
2692 2670 2728 2719 4

364 2764 703 2826 contentus
748 2762 971 2825 multis
1029 2760 1518 2825 difficultatibus
1564 2783 1601 2823 a
1647 2760 1942 2825 libertate
1997 2767 2062 2826 et
2109 2764 2314 2827 multo
2361 2763 2654 2846 pluribus

362 2886 401 2927 a
450 2864 745 2931 libertate
799 2869 970 2932 iusta
1024 2868 1401 2952 remouisse,
1457 2888 1601 2931 cum
1651 2872 1716 2930 et
1771 2868 1848 2933 de
1893 2890 2160 2932 numero
2209 2872 2274 2931 et
2319 2868 2397 2932 de
2443 2868 2656 2932 condi-

363 2972 546 3036 cione
584 2996 659 3038 ac
695 2973 1055 3039 differentia
1080 2996 1320 3057 eorum,
1361 2974 1475 3057 qui
1512 2975 2131 3058 manumitterentur,
2169 2976 2416 3039 curiose
2454 2976 2656 3041 cauis-

362 3082 487 3161 set,
542 3079 665 3144 hoc
714 3103 976 3164 quoque
1032 3080 1288 3163 adiecit,
1343 3102 1423 3145 ne
1478 3081 1736 3144 uinctus
1792 3102 2103 3163 umquam
2159 3086 2449 3147 tortusue
2507 3084 2652 3166 quis

278 3206 337 3247 ει
362 3185 499 3249 11Πο
544 3185 863 3251 libertatis
909 3210 1137 3273 genere
1184 3189 1514 3252 ciuitatem
1561 3187 2038 3271 adipisceretur.

539 3292 757 3358 Etiam
802 3296 1098 3360 habitum
1154 3295 1592 3376 uestitumque
1644 3294 1986 3377 pristinum
2043 3294 2344 3359 reducere
2389 3296 2656 3380 studuit,
2693 3308 2724 3356 5

589 3432 788 3440 ——---—-

508 3512 572 3559 26
586 3524 705 3574 sqq.
746 3506 890 3575 Lyd.
920 3506 986 3561 de
1013 3524 1153 3575 may.
1184 3512 1237 3571 1,
1260 3508 1330 3557 12
1368 3504 1500 3557 οὐδὲ
1539 3503 1645 3573 γὰρ
1677 3503 1805 3571 ἐξῆν
1836 3502 2128 3573 Ῥωμαίοις
2154 3505 2504 3576 βαρβαρικὴν
2533 3523 2655 3560 στο-

362 3584 465 3654 λὴν
500 3584 870 3653 περιθέσθαι·
910 3586 1007 3639 καὶ
1035 3595 1199 3639 τοῦτο
1225 3583 1547 3653 Τράγκυλος
1583 3584 1645 3639 ἐν
1681 3593 1798 3645 τοῖς
1833 3585 1962 3652 περὶ
1990 3584 2318 3653 Αὐγούστου
2355 3586 2656 3656 διαμέμνη-

362 3686 473 3720 ται.
549 3666 748 3721 ἰδόντα
786 3665 891 3735 γάρ
930 3683 1067 3735 φησι
1103 3665 1203 3720 τὸν
1238 3664 1564 3734 Αὔγουστον
1604 3664 1664 3717 ἐν
1700 3669 1778 3736 τῷ
1808 3663 2162 3737 ἱπποδρομίφ
2197 3666 2357 3727 τινὰς
2390 3676 2504 3721 τῶν
2523 3665 2656 3720 Ῥω-

363 3742 545 3815 μαίων
584 3747 676 3801 ἐπὶ
718 3747 783 3800 τὸ
831 3746 1176 3817 βαρβαρικὸν
1214 3742 1578 3812 ἐσταλμένους
1624 3745 2034 3813 ἀγανακτῆσαι,
2082 3746 2158 3808 ὡς
2194 3747 2253 3801 ἐν
2290 3748 2496 3814 ἀκαρεῖ
2525 3749 2657 3811 τοὺς

362 3825 868 3896 καταγνωσθέντας
886 3824 1276 3897 ἀποβαλόντας
1294 3825 1356 3878 τὸ
1378 3824 1665 3896 βάρβαρον
1685 3823 1844 3893 μόγις
1864 3824 2288 3893 ἐπιγνωσθῆναι
2307 3831 2381 3897 τῷ
2393 3826 2655 3895 Καίσαρι.

507 4012 538 4057 2
575 4005 875 4059 theatralis
904 4002 1135 4077 (legis)
1169 4004 1400 4058 Casaub.
1582 4008 1617 4054 4
1655 4018 1945 4054 recensum
1979 4005 2051 4068 Τ,
2096 4019 2138 4055 r.
2171 4006 2278 4072 (uel
2305 4023 2373 4071 a,
2418 4008 2554 4058 roffi.
2579 4007 2655 4074 P)

364 4102 592 4140 censum
610 4088 685 4140 Μ
686 4086 795 4140 GX
801 4082 833 4151 ‘‚
869 4086 1004 4139 roffi.
1035 4100 1325 4137 recensum
1346 4081 1424 4136 P²
1560 4087 1591 4135 ὅ
1623 4081 1719 4150 ab]
1744 4097 1808 4133 ac
1829 4082 1900 4147 R,
1932 4098 1966 4134 a
1989 4082 2040 4134 T
2162 4088 2459 4137 uocaretur
2480 4087 2662 4139 MGT

365 4170 398 4218 6
427 4168 763 4234 quaternum
784 4166 991 4234 (quatt-
1014 4164 1087 4234 V>
1112 4164 1161 4217 G
1175 4162 1509 4233 VL(P¹)S‹5‚
1548 4178 1745 4213 -nuum
1766 4163 1840 4215 M
1837 4180 1880 4227 ε,
1917 4162 2098 4215 -nium
2119 4163 2179 4232 Q,
2208 4181 2429 4217 -norum
2445 4165 2654 4234 HRP',

366 4261 492 4299 -nas
520 4247 559 4300 1
684 4261 977 4299 mensuum
992 4246 1067 4299 Μ
1073 4263 1098 4298 ε
1128 4245 1272 4312 (fort.
1304 4244 1385 4297 ita
1401 4244 1564 4308 Suet„
1584 4242 1654 4307 cf.
1677 4242 1822 4311 Any.
1839 4244 1947 4309 65),
1978 4259 2232 4295 mensum
2249 4244 2394 4297 Roth
2518 4250 2546 4297 7
2570 4245 2657 4298 sui

364 4325 604 4394 quisque
624 4326 925 4399 Eynatius,
953 4342 1113 4378 suam
1133 4327 1283 4393 (suas
1306 4325 1556 4393 Bentley)
1578 4321 1848 4389 cuiusque
1869 4322 2061 4376 Duker
2205 4328 2236 4375 9
2268 4324 2656 4393 scaptensibus

364 4432 627 4486 tribubus
647 4435 718 4499 Ω,
754 4448 891 4487 corr.
908 4432 1219 4485 Beroaldus
1350 4436 1411 4484 11
1436 4446 1561 4483 asse
1580 4433 1639 4483 X
1652 4408 1796 4499 (ss'sse
1816 4429 1889 4497 L)
2012 4435 2075 4482 12
2107 4428 2180 4482 ab
2210 4446 2309 4485 om.
2335 4430 2387 4485 G
2507 4438 2572 4484 14
2602 4435 2660 4485 et

362 4529 465 4567 om.
492 4512 543 4566 G
686 4512 983 4566 ciuitatem
1026 4511 1337 4565 Romanam
1376 4527 1409 4570 ς
1448 4516 1498 4563 et
1529 4512 1644 4577 sere
1681 4509 1801 4563 edd.
1841 4510 1933 4577 (cf.
1966 4509 2123 4563 Galb.
2146 4512 2236 4579 14)
2382 4511 2541 4565 dedit
2578 4514 2656 4583 et]

366 4590 525 4646 dedit
564 4594 637 4648 M
650 4592 903 4649 GVLP¹
