3259 5209
644 428 726 493 16
1335 427 1391 482 C.
1433 427 1750 482 SVETONI
1788 427 2238 493 TRANQVILLI

535 589 933 674 auderetur,
1007 591 1219 675 quoad
1291 590 1518 655 consul
1589 592 1787 655 fieret.
1890 614 2114 655 uerum
2182 611 2391 674 neque
2454 595 2679 654 senatu
2751 590 2951 653 inter-

641 700 940 762 ueniente
1000 701 1067 761 et
1127 697 1508 762 aduersariis
1578 698 1965 781 negantibus
2026 696 2225 761 ullam
2287 719 2355 761 se
2414 696 2492 761 de
2552 718 2621 760 re
2680 694 2953 779 publica

641 804 927 869 facturos
988 806 1378 888 pactionem,
1436 806 1695 869 transiit
1755 804 1825 867 in
1886 805 2247 869 citeriorem
2304 802 2608 887 Galliam,
2668 824 2949 867 conuen-

643 910 944 995 tibusque
1006 911 1282 994 peractis
1345 910 1691 975 Rauennae
1757 912 2074 994 substitit,
2142 909 2315 975 bello
2378 908 2822 973 uindicaturus
2888 908 2949 971 si

643 1017 799 1099 quid
854 1017 930 1080 de
985 1017 1263 1082 tribunis
1318 1016 1527 1101 plebis
1585 1016 2129 1081 intercedentibus
2175 1007 2295 1100 pro
2344 1038 2411 1079 se
2457 1015 2719 1099 grauius
2765 1037 2805 1078 a
2850 1035 2949 1078 se-
3012 1040 3039 1079 ⁵

642 1129 800 1188 natu
848 1124 1272 1189 constitutum
1321 1129 1503 1188 esset.

571 1247 602 1294 2
819 1230 908 1295 Et
963 1234 1365 1315 praetextum
1418 1230 1677 1314 quidem
1734 1229 1834 1293 illi
1890 1230 2180 1293 ciuilium
2236 1250 2558 1293 armorum
2613 1227 2738 1292 hoc
2792 1226 2949 1309 fuit3

643 1360 864 1402 causas
921 1342 1134 1401 autem
1201 1336 1358 1401 alias
1412 1338 1613 1401 fuisse
1671 1336 2033 1419 opinantur.
2138 1334 2393 1399 Gnaeus
2448 1332 2795 1417 Pompeius
2852 1334 2951 1395 ita

645 1443 1004 1527 dictitabat,
1073 1444 1247 1527 quod
1293 1466 1500 1527 neque
1549 1465 1744 1527 opera
1804 1463 2273 1526 consummare,
2334 1462 2497 1525 quae
2556 1440 2946 1520 instituerat,

641 1572 848 1634 neque
903 1550 1130 1634 populi
1186 1551 1722 1635 expectationem,
1789 1571 1982 1633 quam
2041 1549 2115 1612 de
2172 1549 2451 1613 aduentu
2516 1568 2631 1611 suo
2687 1547 2945 1623 fecerat,
2982 1570 3039 1611 ιο

642 1657 915 1742 priuatis
974 1655 1206 1741 opibus
1265 1656 1519 1741 explere
1564 1660 1815 1741 posset,
1870 1657 2129 1720 turbare
2177 1656 2393 1719 omnia
2437 1676 2513 1731 ac
2556 1652 2947 1737 permiscere

573 1780 605 1827 3
641 1764 941 1829 uoluisse.
1027 1763 1140 1827 alii
1193 1764 1485 1828 timuisse
1541 1763 1792 1846 dicunt,
1854 1784 1936 1826 ne
1992 1784 2244 1844 eorum,
2310 1782 2473 1845 quae
2526 1760 2739 1845 primo
2797 1778 2943 1821 con·-

643 1872 854 1935 sulatu
909 1870 1212 1934 aduersus
1270 1871 1555 1956 auspicia
1607 1869 1911 1955 legesque
1966 1874 2032 1933 et
2088 1868 2574 1933 intercessiones
2620 1864 2946 1951 gessisset,

641 1976 958 2040 rationem
1003 1976 1264 2040 reddere
1311 1981 1671 2062 cogeretur3
1720 1997 1866 2040 cum
1912 1975 1995 2038 M.
2038 1973 2197 2038 Cato
2245 1973 2589 2038 identidem
2640 1992 2761 2036 nec
2806 1970 2945 2035 sine

642 2084 778 2147 iure
824 2083 1092 2147 iurando
1152 2083 1556 2147 denuntiaret
1611 2083 1973 2146 delaturum
2023 2104 2089 2146 se
2142 2103 2380 2145 nomen
2426 2082 2581 2163 eius,
2628 2076 2823 2141 simul
2867 2098 2945 2141 ac
2978 2100 3035 2141 ιι

643 2190 922 2272 primum
981 2189 1331 2253 exercitum
1394 2189 1769 2273 dimisisset3
1829 2208 2103 2271 cumque
2158 2190 2359 2272 uulgo
2424 2186 2563 2250 fore
2620 2183 2945 2269 praedica-

641 2300 810 2378 rent,
868 2300 941 2359 ut
997 2296 1052 2360 si
1107 2296 1400 2379 priuatus
1454 2295 1752 2379 redisset,
1807 2294 2070 2359 Milonis
2128 2294 2422 2377 exemplo
2470 2290 2944 2374 circumpositis

574 2417 607 2464 4
645 2404 909 2467 armatis
956 2423 1211 2466 causam
1268 2402 1439 2485 apud
1494 2401 1737 2466 iudices
1786 2401 2039 2466 diceret.
2122 2400 2294 2484 quod
2339 2396 2740 2485 probabilius
2788 2397 2947 2461 facit

644 2508 910 2573 Asinius
964 2508 1198 2591 Pollio,
1262 2508 1631 2572 Pharsalica
1686 2508 1821 2573 acie
1886 2528 2103 2573 caesos
2160 2505 2667 2590 profligatosque
2723 2502 2943 2567 aduer-

647 2618 847 2680 sarios
902 2615 1404 2700 prospicientem
1459 2615 1618 2679 haec
1673 2635 1819 2678 eum
1875 2614 1954 2677 ad
2018 2613 2287 2677 uerbum
2343 2613 2582 2676 dixisse
2633 2611 2942 2674 referens:
2974 2632 3032 2672 no

644 2724 787 2788 hoc
831 2721 1274 2806 uoluerunt3
1323 2723 1564 2785 tantis
1611 2721 1837 2784 rebus
1885 2720 2128 2805 gestis
2178 2718 2409 2784 Gaius
2450 2716 2725 2782 Caesar
2771 2737 2943 2780 con-

645 2830 1041 2893 demnatus
1089 2849 1356 2911 essem,
1401 2828 1555 2892 nisi
1603 2827 1693 2891 ab
1742 2828 2087 2890 exercitu
2136 2826 2510 2890 auxilium
2551 2822 2943 2908 petissem.

574 2950 606 2996 5
645 2937 905 3020 quidam
978 2939 1210 3019 putant
1283 2939 1541 3018 captum
1616 2934 1875 3017 imperii
1951 2933 2411 2998 consuetudine
2475 2930 2943 3015 pensitatisque

645 3043 778 3107 suis
827 3046 890 3108 et
945 3042 1352 3105 inimicorum
1409 3040 1659 3104 uiribus
1714 3063 1899 3104 usum
1960 3040 2291 3103 occasione
2346 3038 2685 3121 rapiendae
2742 3035 2943 3098 domi-

643 3151 952 3231 nationis,
1013 3170 1204 3231 quam
1267 3153 1473 3212 aetate
1527 3149 1736 3231 prima
1796 3147 2217 3229 concupisset.
2308 3144 2481 3229 quod
2540 3144 2943 3207 existimasse
2972 3163 3029 3203 25

645 3254 982 3321 uidebatur
1029 3260 1094 3318 et
1130 3253 1350 3319 Cicero
1399 3253 1679 3318 scribens
1727 3253 1804 3317 de
1854 3250 2101 3317 Officiis
2139 3252 2329 3316 tertio
2366 3251 2535 3315 libro
2572 3249 2747 3334 <82>
2784 3270 2945 3313 sem·

644 3384 762 3446 per
797 3360 1129 3425 Gaesarem
1177 3362 1246 3423 in
1293 3382 1402 3425 ore
1446 3359 1747 3423 habuisse
1795 3358 1923 3442 [est
1962 3360 2029 3422 in
2064 3358 2435 3423 Phoenissis
2472 3357 2713 3439 <524>:
2760 3362 2943 3440 εἴπερ

645 3470 771 3552 γὰρ
820 3468 1076 3532 ἀδικεῖν
1124 3471 1270 3551 χρή,
1315 3468 1717 3549 τυραννίδος
1772 3466 1922 3547 πέρι
1982 3467 2337 3529 κάλλιστον
2383 3464 2692 3547 ἀδίκημα·
2748 3463 2830 3526 τὰ
2874 3460 2933 3526 δ’

645 3577 812 3639 ἄλλα
860 3575 1161 3656 εὐσεβεῖν
1208 3572 1532 3658 χρεώ<ν>]
1581 3572 1914 3656 Euripidis
1962 3593 2214 3655 uersuS,
2263 3593 2423 3654 quos
2471 3572 2565 3634 sic
2610 3570 2749 3654 ipse
2794 3590 2943 3634 con-

644 3682 868 3746 uertit:
2969 3694 3027 3735 so

823 3810 990 3852 nam
1039 3788 1102 3852 si
1148 3787 1594 3851 uiolandum
1644 3789 1756 3849 est
1804 3785 1952 3868 iuS‚
1997 3783 2455 3868 (regnandi)
2502 3782 2754 3868 gratia

823 3893 1269 3958 uiolandum
1318 3897 1458 3957 est:
1505 3891 1685 3955 aliis
1731 3892 1959 3955 rebus
2006 3892 2371 3975 pietatem
2421 3890 2646 3955 colas.

789 4077 821 4124 8
861 4069 962 4124 alii
982 4076 1111 4138 post
1139 4068 1281 4123 alias
1311 4068 1439 4123 add.
1475 4067 1562 4139 ρ’,
1593 4074 1720 4121 ante
1749 4066 1891 4119 alias
1924 4068 2117 4120 Burm.
2268 4070 2334 4117 10
2373 4082 2472 4119 suo
2509 4067 2567 4131 Τ,
2606 4063 2694 4117 sui
2726 4062 2942 4118 MGX'

645 4153 729 4220 (in
751 4152 801 4205 Τ
813 4158 942 4220 post
967 4149 1200 4217 fecerat)
1228 4150 1381 4203 haesi
1407 4166 1484 4201 an
1511 4148 1848 4201 admitterem
1967 4152 2033 4199 25
2065 4145 2223 4218 (ab)
2246 4146 2433 4199 aetate
2454 4143 2647 4199 Duker
2768 4148 2837 4197 26
2855 4142 2943 4197 ui-

647 4232 812 4285 detur
835 4232 885 4285 T
1024 4236 1092 4283 2⁷
1131 4233 1219 4285 est
1238 4261 1304 4269 —
1326 4229 1502 4299 χρεών
1522 4229 1622 4281 del.
1654 4228 1805 4281 Torr.
1830 4227 2081 4293 casaub„
2112 4232 2293 4280 tuetur
2318 4225 2587 4279 Graevius
2616 4225 2792 4294 leyens
2818 4240 2945 4277 cum

644 4313 919 4381 Stephano
947 4327 1041 4364 eos
1070 4311 1130 4364 in
1157 4308 1476 4363 Phoenissis
1496 4306 1783 4375 Euripidis
1814 4323 2005 4359 uersus
2037 4348 2048 4360 .
2074 4350 2084 4359 .
2110 4350 2119 4359 .
2152 4322 2291 4373 quos
2437 4304 2545 4375 est]
2574 4302 2725 4373 quod
2762 4305 2852 4357 est
2872 4304 2943 4369 G,

643 4395 709 4445 ut
739 4394 824 4445 est
853 4409 910 4456 ς,
949 4392 1088 4445 istos
1125 4392 1408 4445 Turnebus
1435 4390 1711 4441 damnans
1739 4386 1797 4438 in
1826 4386 2146 4440 Phoenissis
2293 4391 2360 4438 28
2399 4383 2691 4439 κάλλιστον
2720 4384 2944 4439 ἀδικεῖν

643 4471 812 4525 τᾶλλα
852 4467 910 4525 δ’
943 4472 1146 4539 Eurip.
1296 4474 1359 4522 31
1400 4467 1677 4536 regnandi
1715 4483 1748 4525 ς
1784 4468 1869 4534 (in
1905 4484 2074 4537 mar-9.
2114 4467 2288 4521 adser.
2335 4465 2444 4536 ρ’),
2494 4462 2821 4517 dominandi
2859 4464 2945 4531 (in

644 4570 816 4621 mar-9.
847 4558 977 4619 post
1013 4550 1219 4619 gratia)
1259 4548 1340 4616 δ’,
1377 4546 1600 4616 imperii
1646 4548 1758 4614 Τς,
1796 4545 1957 4615 regni
1994 4548 2056 4599 in
2094 4547 2225 4600 aliis
2262 4562 2295 4605 ς
