3259 5209
1165 429 1498 484 TIBERIVS
1538 441 1668 490 [m.
1701 407 1878 491 0'1-051
2539 430 2665 494 155

370 594 499 658 suli
547 595 770 658 uetuit.
851 593 1065 658 uicina
1102 615 1256 658 uero
1294 593 1439 658 urbi
1476 593 1736 658 oracula
1772 593 1966 657 etiam
2006 592 2362 677 dis[s]icere
2401 595 2664 657 conatus

372 702 495 782 est,
561 700 673 766 sed
739 701 1069 766 maiestate
1122 699 1686 765 Praenestinarum
1751 700 2023 764 sortium
2079 700 2344 765 territus
2401 699 2666 782 destitit,

370 829 520 872 cum
570 807 945 893 obsignatas
993 807 1417 892 deuectasque
1463 806 1738 872 Romam
1783 828 1926 871 non
1970 808 2358 892 repperisset
2407 806 2473 870 in
2521 827 2666 870 arca

368 912 495 977 nisi
550 914 753 979 relata
806 935 1029 978 rursus
1076 913 1155 978 ad
1198 915 1533 997 templum.
1618 936 1819 978 unum
1867 918 1930 978 et
1977 913 2250 978 alterum
2299 912 2664 978 consulares
2704 930 2734 977 2

314 1045 341 1086 ο
370 1019 609 1084 oblatis
656 1020 1009 1104 prouinciis
1056 1041 1187 1084 non
1233 1042 1425 1085 ausus
1472 1044 1511 1084 a
1548 1043 1613 1085 se
1654 1020 1980 1086 dimittere
2015 1043 2220 1104 usque
2258 1042 2333 1084 eo
2372 1019 2667 1104 detinuit,

369 1127 573 1192 donec
647 1147 1045 1192 successores
1126 1131 1275 1212 post
1349 1127 1602 1212 aliquot
1675 1149 1876 1192 annos
1950 1127 2394 1212 praesentibus
2471 1127 2666 1210 daret,

369 1255 517 1298 cum
571 1233 833 1298 interim
888 1238 1188 1298 manente
1243 1233 1443 1298 officii
1508 1233 1702 1298 titulo
1759 1233 1953 1298 etiam
2010 1234 2332 1320 delegaret
2387 1232 2666 1317 plurima

368 1341 651 1424 assidue,
710 1362 875 1424 quae
940 1340 1040 1404 illi
1093 1362 1209 1424 per
1262 1339 1510 1426 legatos
1568 1344 1631 1406 et
1695 1340 2019 1405 adiutores
2079 1361 2230 1404 suos
2295 1339 2667 1423 exequenda

366 1451 680 1512 curarent.
762 1469 996 1512 nurum
1044 1469 1117 1511 ac
1163 1450 1429 1530 nepotes
1484 1469 1839 1532 numquam
1886 1446 2073 1512 aliter
2117 1451 2264 1532 post
2313 1447 2663 1511 damnatio-
2676 1447 2771 1514 64

278 1581 338 1621 ιο
362 1577 513 1619 nem
562 1577 756 1638 quam
802 1559 1131 1619 catenatos
1168 1555 1525 1638 obsutaque
1570 1554 1800 1618 lectica
1845 1553 1986 1619 loco
2033 1555 2270 1637 mouit,
2315 1552 2662 1638 prohibitis

362 1682 481 1745 per
526 1661 797 1726 militem
856 1661 1067 1726 obuiis
1122 1683 1199 1726 ac
1252 1661 1610 1726 uiatoribus
1665 1662 1982 1746 respicere
2039 1683 2307 1744 usquam
2364 1659 2470 1726 uel
2515 1682 2663 1727 con-

363 1769 611 1834 sistere.
2606 1828 2615 1837 .

545 1873 847 1939 Seianum
894 1896 995 1939 res
1043 1897 1245 1939 nouas
1293 1873 1695 1958 molientem,
1750 1876 2046 1958 quamuis
2095 1875 2222 1938 iam
2271 1879 2334 1938 et
2381 1873 2659 1938 natalem
2674 1881 2768 1948 65

362 1980 503 2046 eius
550 1980 811 2065 publice
858 1981 1166 2046 celebrari
1214 1985 1278 2044 et
1325 1981 1639 2067 imagines
1687 2003 1908 2046 aureas
1947 1982 2074 2047 coli
2120 1983 2360 2065 passim
2397 1980 2663 2063 uideret,

282 2115 336 2154 ιε
362 2089 484 2152 uix
531 2087 789 2152 tandem
838 2093 902 2154 et
938 2092 1083 2152 astu
1120 2089 1327 2175 magis
1365 2111 1441 2154 ac
1478 2088 1627 2154 dolo
1668 2111 1860 2172 quam
1899 2087 2242 2174 principali
2279 2088 2663 2152 auctoritate

362 2194 700 2258 subuertit.
784 2218 933 2259 nam
978 2195 1219 2279 primo,
1266 2199 1339 2260 ut
1384 2217 1421 2258 a
1468 2217 1534 2260 se
1580 2218 1698 2279 per
1743 2197 2021 2280 speciem
2068 2196 2334 2260 honoris
2382 2195 2662 2261 dimitte-

360 2307 478 2384 ret,
528 2301 839 2388 collegam
889 2302 1013 2366 sibi
1060 2301 1411 2386 assumpsit
1459 2303 1525 2366 in
1563 2303 1790 2385 quinto
1831 2301 2186 2386 consulatu,
2234 2324 2422 2386 quem
2461 2303 2660 2388 longo

360 2408 706 2473 interuallo
755 2397 985 2474 absens
1031 2409 1113 2474 ob
1171 2409 1239 2474 id
1292 2410 1505 2493 ipsum
1553 2414 1936 2493 susceperat.
2020 2409 2246 2472 deinde
2293 2432 2407 2494 spe
2453 2409 2660 2474 affini-

359 2515 516 2580 tatis
563 2537 636 2580 ac
680 2516 1063 2580 tribuniciae
1108 2517 1451 2600 potestatis
1498 2517 1835 2600 deceptum
1883 2517 2325 2601 inopinantem
2367 2516 2659 2582 crimina-

278 2649 333 2688 ὀ
360 2627 470 2687 tus
518 2627 616 2686 est
660 2623 959 2707 pudenda
1006 2622 1492 2707 miserandaque
1538 2623 1844 2706 oratione,
1891 2645 2038 2688 cum
2078 2623 2246 2689 inter
2282 2623 2408 2688 alia
2443 2628 2660 2707 patres

360 2729 767 2813 conscriptos
822 2733 1221 2814 precaretur,
1276 2731 1609 2795 mitterent
1662 2731 1937 2795 alterum
1993 2752 2028 2794 e
2084 2729 2483 2812 consulibus,
2549 2729 2660 2815 qui

358 2857 433 2900 se
480 2856 699 2900 senem
745 2840 809 2898 et
857 2835 1067 2900 solum
1113 2836 1180 2900 in
1228 2841 1642 2921 conspectum
1690 2859 1912 2902 eorum
1951 2857 2095 2901 cum
2135 2836 2353 2921 aliquo
2393 2837 2658 2901 militari

362 2941 683 3026 praesidio
731 2942 1123 3026 perduceret.
1209 2943 1303 3009 sic
1349 2965 1603 3027 quoque
1652 2943 1951 3009 diffidens
2007 2943 2484 3027 tumultumque
2529 2966 2657 3007 me·
2697 2967 2728 3013 2

361 3053 551 3114 tuens
608 3047 889 3112 Drusum
954 3055 1284 3134 nepotem,
1349 3073 1539 3134 quem
1601 3049 1878 3115 uinculis
1945 3049 2152 3114 adhuc
2207 3049 2451 3115 Romae
2513 3071 2656 3114 con-

278 3182 333 3222 25
362 3156 639 3238 tinebat‚
685 3156 879 3240 solui,
937 3157 992 3221 si
1045 3178 1147 3222 res
1194 3160 1511 3241 posceret,
1567 3158 1920 3240 ducemque
1970 3158 2280 3221 constitui
2325 3179 2659 3241 praecepe-

362 3266 479 3326 rat.
564 3263 801 3346 aptatis
858 3263 1053 3328 etiam
1108 3263 1383 3329 nauibus
1438 3263 1520 3328 ad
1568 3284 2004 3347 quascumque
2058 3263 2347 3349 legiones
2393 3263 2655 3328 medita-

363 3370 554 3433 batur
588 3369 829 3454 fugam,
866 3371 1382 3454 speculabundus
1413 3393 1492 3434 ex
1520 3371 1834 3435 altissima
1869 3392 2028 3454 rupe
2066 3370 2416 3435 identidem
2455 3371 2657 3456 signa,

362 3497 553 3559 quae,
608 3497 687 3539 ne
742 3475 955 3540 nuntii
1000 3481 1430 3560 morarentur,
1475 3477 1619 3542 tolli
1667 3477 1919 3561 procul,
1965 3482 2038 3541 ut
2086 3477 2366 3561 quidque
2413 3477 2655 3542 factum

362 3581 558 3666 foret,
622 3583 1051 3648 mandauerat.
1146 3605 1371 3648 uerum
1437 3589 1500 3647 et
1566 3604 1872 3669 oppressa
1931 3585 2372 3648 coniuratione
2439 3583 2655 3649 Seiani

511 3850 573 3899 13
617 3846 765 3900 Oros.
802 3847 921 3900 VII
949 3851 1059 3912 4‚8
1103 3847 1365 3901 Seianum
1402 3847 1748 3917 praefectum
1792 3865 1952 3900 suum
1991 3865 2077 3901 res
2115 3865 2291 3902 nouas
2329 3849 2654 3902 molientem

360 3924 661 3978 interfecit.
719 3928 789 3992 cf.
821 3928 1101 3981 Einhard.
1125 3933 1161 3981 6

506 4173 533 4220 1
575 4167 811 4222 disicere
846 4167 896 4219 Τ
1067 4175 1100 4220 4
1138 4167 1347 4222 relatas
1382 4171 1429 4220 T
1592 4175 1623 4220 ὃ
1665 4185 1832 4221 ausus
1874 4184 1907 4220 a
1945 4170 2028 4238 se]
2068 4184 2204 4222 ausa
2243 4186 2301 4222 se
2343 4172 2437 4234 M,
2487 4185 2653 4222 ausus

364 4247 515 4302 LPS
550 4252 604 4315 (a
642 4263 701 4301 se
722 4255 851 4317 post
878 4245 1163 4300 dimittere
1202 4248 1261 4300 in
1300 4266 1469 4318 marg.
1502 4249 1629 4302 add.
1663 4249 1719 4299 in
1755 4251 1832 4317 P)
1979 4249 2068 4319 eo]
2109 4265 2173 4301 eo
2212 4267 2268 4315 se
2301 4252 2386 4314 JI,
2426 4249 2566 4303 adeo
2598 4253 2659 4303 H

359 4332 391 4380 8
431 4327 807 4397 assidueq(ue)
841 4327 955 4382 GH
978 4329 1188 4397 (aula),
1228 4328 1562 4396 assidueque
1592 4345 1736 4396 quae
1765 4330 1844 4381 ed.
1867 4330 2018 4382 Iunt.
2050 4333 2192 4382 1510
2340 4336 2402 4382 14
2443 4329 2652 4398 passim

358 4407 470 4462 coli
502 4409 554 4462 G
674 4413 736 4460 17
779 4407 1095 4476 absumpsit
1125 4409 1266 4473 MR,
1306 4409 1429 4461 ads·
1457 4409 1604 4463 GPS
1622 4409 1808 4476 (Roth)
1930 4415 1996 4461 24
2033 4413 2400 4477 pronepotem
2435 4410 2485 4463 G
2593 4409 2652 4462 in

355 4487 601 4541 uinculis
635 4487 685 4541 G
716 4487 1030 4556 (Graevius)
1208 4495 1273 4541 25
1324 4489 1522 4542 ducem
1555 4492 1638 4555 M,
1679 4491 1734 4542 et
1783 4489 1981 4541 ducem
2019 4489 2324 4543 Salmasius
2360 4491 2486 4554 fort.
2517 4497 2653 4544 recte

358 4571 427 4620 26
467 4567 757 4636 apparatis
788 4568 1019 4638 Bentley
1190 4575 1259 4621 28
1297 4585 1365 4622 ne
1403 4586 1503 4624 om.
1548 4574 1595 4622 'I'
