3259 5209
992 377 1209 433 DIVVS
1248 376 1629 433 AVGVSTVS
1671 389 1802 439 [cu.
1835 390 2008 439 πει-83]
2527 376 2644 441 101

348 539 557 605 calida
599 542 890 605 fomenta
935 563 1063 605 non
1113 541 1486 626 proderant,
1531 541 1783 626 frigidis
1833 541 2038 605 curari
2086 546 2346 607 coactus
2391 546 2652 605 auctore

346 648 636 712 Antonio
682 646 885 711 Musa.

529 753 851 831 Quasdam
910 758 977 819 et
1030 754 1497 819 anniuersarias
1554 776 1625 819 ac
1683 760 1972 839 tempore
2030 759 2202 819 certo
2250 758 2648 819 recurrentes
2687 772 2718 817 2

346 859 823 944 experiebatur3
878 882 1029 925 nam
1086 860 1205 925 sub
1260 863 1541 925 natalem
1598 882 1786 925 suum
1841 862 2221 945 plerumque
2275 860 2650 947 languebat3

290 993 317 1031 5
348 972 413 1031 et
460 968 648 1031 initio
695 969 865 1031 ueris
912 968 1430 1051 praecordiorum
1469 968 1802 1033 inflatione
1839 968 2296 1051 temptabatur,
2343 970 2649 1033 austrinis

346 1080 559 1138 autem
618 1074 1109 1157 tempestatibus
1164 1075 1529 1159 grauedine.
1615 1095 1812 1158 quare
1873 1079 2176 1158 quassato
2231 1097 2498 1160 corpore
2543 1098 2650 1141 ne-

346 1202 470 1263 que
530 1180 775 1265 frigora
831 1202 1039 1264 neque
1098 1185 1311 1245 aestus
1369 1180 1560 1245 facile
1620 1180 1953 1245 tolerabat.
2050 1182 2260 1245 hieme
2321 1182 2647 1265 quaternis
2666 1180 2754 1245 82

346 1308 489 1351 cum
549 1287 777 1372 pingui
841 1292 996 1372 toga
1050 1287 1285 1352 tunicis
1342 1292 1407 1352 et
1457 1286 1770 1352 subucula
1825 1290 1978 1371 e‘t>
2025 1287 2286 1353 thorace
2339 1290 2527 1353 laneo
2585 1294 2650 1353 et

343 1394 759 1459 feminalibus
815 1398 879 1457 et
925 1393 1259 1459 tibialibus
1306 1393 1743 1479 muniebatur,
1791 1398 2031 1458 aestate
2079 1395 2318 1478 apertis
2365 1395 2647 1460 cubiculi

262 1524 317 1564 ιο
344 1500 595 1564 foribus
642 1522 715 1563 ac
761 1522 949 1584 saepe
994 1500 1065 1565 in
1098 1500 1411 1585 peristylo
1462 1501 1729 1565 saliente
1775 1522 1942 1585 aqua
1977 1504 2170 1585 atque
2209 1502 2403 1565 etiam
2441 1502 2646 1565 uenti-

344 1608 519 1671 lante
574 1608 791 1691 aliquo
850 1606 1144 1672 cubabat.
1229 1609 1383 1671 solis
1431 1629 1587 1672 uero
1633 1630 1715 1672 ne
1761 1607 2014 1672 hiberni
2072 1608 2328 1690 quidem
2376 1608 2648 1692 patiens,

346 1712 522 1777 domi
569 1734 828 1797 quoque
864 1735 996 1778 non
1033 1714 1159 1779 nisi
1196 1718 1523 1799 petasatus
1562 1714 1683 1779 sub
1722 1713 1875 1778 diuo
1927 1714 2344 1799 spatiabatur.
2414 1714 2648 1780 itinera

342 1820 573 1885 lectica
632 1825 698 1884 et
755 1820 1055 1886 noctibus
1114 1820 1248 1885 fere
1309 1844 1511 1905 eaque
1569 1822 1745 1885 lenta
1793 1843 1865 1885 ac
1919 1822 2170 1885 minuta
2214 1819 2518 1899 faciebat,
2573 1826 2647 1886 ut

343 1926 687 1991 Praeneste
742 1929 849 1991 uel
902 1928 1107 1993 Tibur
1169 1927 1366 1992 biduo
1424 1928 1822 2011 procederet3
1887 1948 1960 1992 ac
2015 1929 2070 1991 si
2126 1949 2253 2011 quo
2312 1929 2646 2011 peruenire

262 2058 314 2097 ιε,
344 2035 507 2097 mari
563 2038 807 2119 posset,
862 2036 1080 2118 potius
1143 2034 1511 2121 nauigabat.
1604 2056 1829 2099 uerum
1894 2038 2138 2099 tantam
2203 2035 2642 2099 infirmitatem
2681 2052 2712 2097 2

344 2162 581 2227 magna
624 2162 777 2205 cura
821 2141 1151 2225 tuebatur,
1207 2141 1275 2205 in
1322 2142 1549 2225 primis
1592 2141 1856 2206 lauandi
1901 2142 2190 2224 raritate3
2237 2141 2646 2226 unguebatur

342 2248 515 2313 enim
562 2249 815 2332 saepius
862 2253 973 2313 aut
1018 2247 1291 2312 sudabat
1338 2248 1418 2312 ad
1464 2248 1819 2331 flammam,
1865 2248 2094 2313 deinde
2141 2247 2646 2333 perfundebatur

342 2354 594 2439 egelida
638 2376 805 2437 aqua
850 2356 956 2420 uel
1000 2357 1137 2421 sole
1183 2355 1388 2419 multo
1438 2355 1770 2439 tepefacta.
1855 2360 1920 2419 at
1963 2358 2260 2439 quotiens
2297 2377 2642 2420 neruorum

343 2482 536 2525 causa
594 2460 861 2525 marinis
923 2460 1307 2546 Albulisque
1370 2461 1593 2526 calidis
1657 2462 1970 2527 utendum
2035 2466 2230 2545 esset,
2305 2466 2644 2527 contentus

262 2590 315 2629 20
342 2568 469 2631 hoc
514 2573 651 2632 erat
697 2573 770 2633 ut
813 2568 1096 2634 insidens
1140 2569 1357 2655 ligneo
1404 2568 1588 2652 soli0,
1637 2568 1808 2652 quod
1855 2570 1993 2653 ipse
2039 2567 2394 2652 Hispanico
2441 2567 2642 2631 uerbo

342 2676 633 2739 duretam
684 2675 977 2759 uocabat,
1023 2697 1250 2740 manus
1298 2698 1373 2740 ac
1418 2675 1610 2758 pedes
1659 2676 1921 2740 alternis
1969 2676 2248 2739 iactaret.

520 2780 1030 2846 Exercitationes
1096 2786 1483 2865 campestres
1548 2802 1856 2863 equorum
1916 2786 1980 2846 et
2036 2802 2358 2845 armorum
2416 2783 2635 2845 statim
2655 2779 2746 2845 83

339 2892 494 2970 post
562 2888 779 2952 ciuilia
840 2889 1007 2953 bella
1066 2888 1285 2952 omisit
1344 2892 1409 2953 et
1469 2889 1549 2951 ad
1608 2888 1807 2972 pilam
1879 2889 2088 2971 primo
2149 2888 2641 2971 folliculumque

338 2995 615 3078 transiit,
660 3017 812 3059 mox
857 2995 1023 3061 nihil
1067 2995 1243 3060 aliud
1290 3017 1483 3077 quam
1520 2995 1898 3059 uectabatur
1935 3001 1998 3060 et
2035 2996 2505 3077 deambulabat,
2551 2992 2642 3057 ita

260 3131 317 3170 25
342 3106 417 3165 ut
467 3101 533 3164 in
580 3103 881 3167 extremis
937 3103 1161 3187 spatiis
1218 3101 1559 3167 subsultim
1609 3101 1970 3167 decurreret
2016 3102 2346 3167 †sestertio
2394 3102 2500 3165 uel
2550 3102 2640 3165 lo-

486 3344 514 3391 7
534 3356 655 3407 sqq.
698 3340 973 3394 Et’nhard.
1003 3344 1079 3394 23
1116 3357 1183 3393 ex
1220 3339 1465 3409 pellibus
1504 3341 1732 3393 thorace
1773 3339 2026 3393 confecto
2056 3340 2316 3393 humeros
2346 3356 2412 3393 ac
2441 3341 2640 3408 pectus

339 3418 525 3472 hieme
574 3418 948 3473 muniebatur.
1033 3421 1164 3475 ibid.
1214 3420 1577 3475 feminalibus
1623 3420 1788 3473 lineis
1835 3419 2201 3487 induebatur,
2249 3419 2452 3473 deinde
2491 3419 2640 3473 tuni-

340 3515 467 3552 cam
508 3542 519 3552 .
554 3541 564 3550 .
598 3542 608 3552 .
649 3502 707 3552 et
742 3499 984 3553 tibialia.

486 3726 516 3773 3
554 3720 933 3775 uniuersas-ias
965 3724 1037 3776 M
1044 3722 1075 3785 ¹,
1116 3722 1498 3776 anniuersario
1530 3726 1650 3790 (om.
1683 3740 1748 3776 ac
1787 3731 1835 3776 et
1872 3726 2043 3793 certo)
2077 3725 2126 3777 G
2273 3730 2303 3774 6
2343 3722 2640 3793 grauidine

344 3800 549 3869 M¹GQ
692 3802 887 3872 quare]
928 3803 1115 3869 quada
1148 3802 1243 3856 Μ’
1396 3810 1427 3855 8
1476 3802 1783 3857 subuculae
1822 3802 1919 3867 (-le
1962 3804 2192 3871 GRST)
2238 3802 2468 3857 thorace
2507 3806 2638 3871 (tor-

340 3882 477 3949 LT)
498 3884 577 3945 Ω,
614 3898 749 3935 corr.
782 3883 1096 3935 Beroaldus
1240 3888 1269 3934 9
1312 3882 1595 3951 adapertis
1637 3884 1730 3950 (da
1769 3885 1830 3935 in
1859 3901 1986 3949 ras,
2025 3887 2051 3936 t
2078 3901 2143 3937 ex
2174 3902 2197 3935 s
2227 3900 2361 3937 corr.
2394 3902 2460 3937 m.
2495 3887 2546 3950 1)
2571 3884 2641 3948 G,

340 3959 490 4029 aptis
537 3964 607 4027 (et
644 3968 759 4015 tum
797 3960 990 4030 cubili)
1033 3964 1084 4016 V
1224 3968 1289 4014 10
1329 3963 1529 4031 imperi
1566 3962 1698 4015 stilo
1733 3965 1887 4033 JI'Q
1933 3964 2179 4032 (imperii
2225 3964 2354 4017 stilo
2399 3966 2532 4032 M2),
2579 3964 2638 4016 in

338 4040 596 4108 peristilo
627 4040 819 4108 (·stulo
854 4042 923 4107 G,
960 4040 1139 4095 -stillo
1176 4044 1247 4096 T')
1290 4043 1378 4095 rel.
1513 4048 1575 4095 12
1617 4060 1839 4111 quoque
1870 4060 1970 4097 σηι.
2007 4045 2058 4097 G
2185 4047 2502 4112 petassatus
2543 4046 2638 4111 (sic

338 4121 503 4175 etiam
536 4124 609 4189 T)
648 4127 697 4175 et
733 4138 799 4175 88.
842 4121 996 4175 disco
1026 4126 1251 4190 opertus
1286 4124 1335 4175 V
1467 4128 1531 4176 13
1571 4127 1628 4177 et
1659 4131 1784 4191 post
1822 4140 2000 4191 eaque
2029 4125 2156 4177 add.
2192 4125 2240 4177 G
2383 4129 2446 4175 14
2482 4122 2640 4175 tibur

348 4203 408 4267 T,
452 4199 629 4253 tiburi
667 4204 775 4269 (ty-
817 4201 932 4271 GS)
983 4201 1181 4256 MGX‘
1226 4201 1399 4270 (tibur
1436 4202 1630 4256 ibiduo
1685 4206 1777 4271 V),
1828 4206 1954 4258 inde
2000 4205 2057 4257 in
2105 4205 2277 4257 biduo
2325 4206 2639 4271 suspicatur

344 4280 483 4334 Oud.
604 4287 667 4334 16
698 4282 755 4334 in
795 4298 895 4337 om.
940 4284 1063 4336 ΜΘ
1080 4284 1215 4336 VLe
1322 4283 1567 4351 primum
1596 4284 1632 4336 ὃ
1747 4290 1807 4337 17
1849 4286 1971 4354 aut]
2011 4288 2075 4337 ut
2117 4284 2178 4353 Q,
2218 4288 2275 4337 et
2312 4302 2342 4342 ς
2457 4290 2522 4336 18
2553 4286 2636 4353 at]

340 4362 443 4414 aut
479 4362 624 4416 Roth
662 4360 775 4430 <3?)
933 4368 996 4415 19
1037 4362 1237 4415 calidis
1278 4363 1596 4432 albulisquc
1641 4366 1792 4419 Torr.
1943 4370 2008 4417 23
2047 4364 2247 4435 pilam]
2288 4365 2528 4433 primam
2570 4367 2644 4417 ,Π

340 4447 408 4493 25
446 4441 507 4494 in
545 4458 645 4495 om.
668 4441 831 4495 POT
968 4444 1224 4497 sestertio
1264 4444 1395 4511 (-cio
1438 4444 1654 4513 GQRS‚
1694 4444 1804 4497 ises
1843 4446 2016 4499 tercio
2062 4446 2127 4510 L,
2164 4443 2429 4498 sextertio
2467 4448 2537 4515 T)
2569 4448 2642 4509 Ω,

340 4524 589 4590 segestro
632 4522 913 4588 Cm‘ac‘e'us,
951 4523 1223 4591 segestria
1262 4525 1407 4579 Roth.
