3259 5209
1023 461 1240 516 DIVVS
1281 461 1637 517 CLAVDIVS
1679 475 1808 524 [car.
1842 476 2017 524 10-12]
2512 463 2641 527 207

333 647 515 690 mero
571 625 1012 710 interemptis,
1075 626 1350 710 exempli
1409 625 1602 690 simul
1656 647 1847 690 causa
1903 631 1967 690 et
2026 627 2198 710 quod
2252 649 2431 691 suam
2492 648 2645 710 quo-

334 755 462 815 que
537 732 794 795 caedem
873 731 1324 816 depoposcisse
1397 738 1809 817 cognouerat.
1912 753 2264 798 conuersus
2338 732 2491 797 hinc
2565 733 2642 796 ad
2688 751 2719 798 2

334 838 554 902 officia
597 839 860 922 pietatis
917 839 1016 902 ius
1074 839 1412 903 iurandum
1468 843 1678 922 neque
1732 840 2015 903 sanctius
2074 839 2197 903 sibi
2256 861 2465 923 neque
2511 861 2641 902 cre-

331 943 516 1008 brius
581 945 871 1009 instituit
935 967 1126 1029 quam
1191 967 1309 1028 per
1353 947 1741 1031 Augustum.
1844 948 2027 1010 auiae
2094 945 2319 1010 Liuiae
2383 946 2644 1009 diuinos

275 1077 301 1115 s
331 1052 612 1116 honores
669 1057 734 1116 et
791 1053 1056 1116 circensi
1111 1073 1350 1136 pompa
1406 1073 1661 1116 currum
1720 1052 2213 1136 elephantorum
2273 1050 2641 1136 Augustino

333 1159 612 1222 similem
669 1159 1064 1222 decernenda
1119 1159 1400 1236 curauit;
1455 1159 1831 1242 parentibus
1889 1159 2152 1222 inferias
2199 1158 2519 1243 publicas,
2579 1163 2646 1222 et

330 1266 460 1328 hoc
505 1265 785 1350 amplius
832 1267 1004 1350 patri
1061 1267 1370 1330 circenses
1417 1287 1665 1330 annuos
1710 1266 1911 1330 natali
1959 1267 2089 1350 die,
2138 1265 2328 1329 matri
2376 1287 2645 1348 carpen-

331 1376 496 1456 tum,
553 1394 680 1454 quo
736 1394 852 1457 per
909 1372 1150 1437 circum
1209 1372 1572 1454 duceretur,
1629 1376 1693 1436 et
1749 1394 2103 1458 cognomen
2166 1371 2500 1457 Augustae
2556 1371 2643 1433 ab

329 1479 488 1542 uiua
555 1483 936 1543 recusatum.
1035 1481 1112 1542 'sa
1175 1481 1392 1544 fratris
1473 1482 1784 1544 memoria
1850 1502 1967 1562 per
2041 1501 2292 1543 omnem
2366 1479 2645 1542 occasio-

247 1610 302 1647 1⁰
331 1608 478 1649 nem
558 1586 942 1649 celebratam
1021 1585 1414 1651 comoediam
1492 1609 1747 1670 quoque
1822 1584 2129 1651 Graecam
2205 1583 2642 1668 Neapolitano

333 1694 684 1756 certamine
733 1692 955 1757 docuit
999 1715 1073 1757 ac
1121 1693 1196 1756 de
1236 1693 1554 1757 sententia
1597 1691 1882 1757 iudicum
1922 1691 2273 1757 coronauit.
2359 1713 2438 1755 ne
2474 1689 2642 1753 Mar·
2684 1709 2716 1756 3

332 1819 480 1862 cum
531 1799 788 1881 quidem
841 1798 1198 1864 Antonium
1255 1799 1709 1864 inhonoratum
1770 1821 1841 1862 ac
1898 1799 2035 1864 sine
2086 1803 2271 1884 grata
2316 1797 2639 1860 mentione

334 1905 722 1989 transmisit,
778 1910 1054 1970 testatus
1121 1907 1442 1992 quondam
1509 1929 1624 1991 per
1679 1905 1986 1990 edictum,
2047 1909 2229 1970 tanto
2287 1905 2641 1988 impensius

334 2017 553 2096 petere
617 2034 686 2078 se
750 2018 824 2076 ut
887 2013 1164 2077 natalem
1229 2013 1434 2097 patris
1492 2012 1689 2076 Drusi
1752 2012 2175 2095 celebrarent,
2240 2009 2413 2094 quod
2468 2010 2639 2074 idem

255 2141 302 2178 15
333 2124 504 2182 esset
551 2124 616 2182 et
662 2120 769 2182 aui
817 2121 917 2183 sui
967 2119 1315 2204 Antoni[i].
1407 2118 1666 2183 Tiberio
1716 2141 2147 2184 marmoreum
2194 2139 2411 2182 arcum
2460 2117 2640 2180 iuxta

328 2223 601 2308 Pompei
670 2225 1024 2309 theatrum,
1090 2225 1410 2290 decretum
1481 2227 1739 2309 quidem
1802 2226 1957 2290 olim
2020 2249 2059 2289 a
2124 2228 2345 2290 senatu
2412 2246 2638 2286 uerum

332 2332 662 2416 omissum,
708 2332 981 2418 peregit.
1077 2331 1194 2396 Gai
1245 2354 1498 2415 quoque
1546 2333 1664 2396 etsi
1706 2337 1850 2396 acta
1888 2331 2105 2396 omnia
2144 2331 2421 2415 rescidit,
2471 2330 2637 2393 diem

329 2441 542 2501 tamen
603 2439 820 2520 neciS,·
866 2439 1168 2521 quamuis
1216 2439 1548 2503 exordium
1595 2440 2001 2523 principatus
2050 2439 2167 2521 sui,
2214 2438 2426 2502 uetuit
2472 2437 2641 2500 inter

331 2544 534 2608 festos
580 2545 823 2609 referri.

249 2672 304 2712 πο
514 2650 604 2714 At
657 2652 724 2714 in
785 2656 990 2717 semet
1044 2653 1335 2737 augendo
1394 2674 1621 2737 parcus
1680 2657 1873 2736 atque
1938 2651 2148 2715 ciuilis
2213 2651 2627 2736 praenomine
2662 2649 2745 2716 12

332 2756 750 2841 Imperatoris
815 2759 1155 2841 abstinuit,
1232 2759 1467 2823 nimios
1541 2759 1819 2823 honores
1889 2759 2239 2840 recusauit,
2313 2757 2639 2842 sponsalia

332 2864 504 2927 filiae
547 2866 958 2949 natalemque
1007 2866 1208 2951 geniti
1256 2867 1514 2948 nepotis
1561 2865 1820 2930 silentio
1870 2887 1945 2930 ac
1992 2868 2244 2928 tantum
2285 2863 2637 2927 domestica

331 2969 646 3056 religione
703 2971 1034 3056 transegit.
1115 2973 1438 3035 neminem
1495 2972 1756 3035 exulum
1813 2971 1939 3034 nisi
1990 2992 2069 3034 ex
2116 2973 2375 3034 senatus
2422 2972 2633 3032 aucto-

331 3077 524 3141 ritate
569 3077 870 3141 restituit.
955 3081 1028 3140 ut
1074 3075 1199 3140 sibi
1245 3076 1315 3140 in
1361 3060 1602 3141 curiam
1662 3076 2055 3161 praefectum
2106 3076 2386 3160 praetori
2436 3074 2635 3138 tribu-

246 3204 302 3244 35
331 3205 580 3267 nosque
619 3183 903 3248 militum
941 3204 1154 3250 secum
1195 3182 1492 3247 inducere
1529 3182 1749 3246 liceret
1798 3187 1995 3266 utque
2038 3185 2179 3246 rata
2222 3185 2433 3244 essent
2472 3202 2634 3264 quae

329 3296 781 3373 procuratores
829 3290 932 3354 sui
979 3291 1044 3354 in
1091 3289 1432 3354 iudicando
1471 3293 1844 3372 statuerent,
1890 3290 2180 3373 precario
2222 3288 2450 3374 exegit.
2535 3288 2635 3350 ius
2674 3307 2705 3353 2

329 3397 763 3460 nundinarum
812 3397 878 3460 in
927 3397 1182 3481 priuata
1233 3397 1493 3480 praedia
1540 3419 1576 3459 a
1633 3396 2005 3460 consulibus
2052 3396 2232 3480 petit.
2320 3395 2633 3481 cognitio·-

332 3503 522 3567 nibus
558 3504 1058 3590 magistratuum
1096 3508 1169 3566 ut
1209 3525 1373 3567 unus
1414 3525 1446 3566 e
1486 3502 1869 3566 consiliariis
1910 3501 2277 3586 frequenter
2312 3501 2633 3585 interfuit3

333 3612 588 3675 eosdem
645 3609 1010 3695 spectacula
1065 3610 1310 3674 edentis
1365 3631 1633 3694 surgens
1691 3615 1755 3672 et
1811 3609 1946 3693 ipse
1995 3631 2139 3672 cum
2187 3613 2396 3672 cetera
2441 3609 2635 3672 turba

243 3735 302 3778 no
329 3738 490 3782 uoce
547 3739 620 3781 ac
673 3739 867 3781 manu
926 3720 1265 3780 ueneratus
1323 3720 1436 3780 est.
1521 3713 1861 3802 tr(ibunis)
1919 3713 2189 3802 pl(ebis)
2248 3715 2630 3779 adeuntibus

331 3845 400 3888 se
445 3845 565 3908 pro
602 3823 913 3888 tribunali
960 3823 1306 3906 excusauit,
1355 3823 1525 3906 quod
1562 3827 1830 3906 propter
1868 3823 2197 3908 angustias
2246 3845 2376 3886 non
2412 3827 2632 3905 posset

331 3930 550 3994 audire
598 3952 707 3995 eos
755 3931 883 3994 nisi
931 3935 1191 3994 stantes,
1277 3952 1472 4014 quare
1521 3931 1586 3992 in
1631 3929 1813 3992 breui
1852 3929 2062 4013 spatio
2102 3933 2355 3991 tantum
2394 3929 2630 3990 amoris
2670 3947 2699 3992 3

475 4111 507 4159 2
546 4107 832 4159 conuersis
871 4105 1020 4158 hunc
1053 4107 1125 4159 M
1243 4111 1276 4157 4
1315 4104 1510 4158 Liuiae
1547 4122 1647 4158 om.
1686 4105 1753 4156 M
1781 4107 2049 4173 (Bentley)
2162 4109 2192 4156 8
2233 4121 2342 4169 quo
2374 4107 2439 4165 X,
2478 4103 2627 4169 quod

333 4187 426 4240 rel.
557 4190 588 4238 9
617 4184 754 4239 uiua
775 4186 1024 4255 Lipsius,
1055 4185 1184 4238 auia
1200 4188 1250 4236 „Q
1358 4202 1390 4237 a
1410 4217 1476 4224 -—
1498 4185 1769 4236 memoria
1794 4186 1864 4237 M
1868 4185 1975 4237 ΘΧ
1993 4184 2121 4250 (fria
2143 4184 2192 4236 T
2210 4188 2267 4234 ι’·η-
2296 4185 2441 4248 ras),
2466 4183 2536 4235 ad
2561 4215 2627 4220 —

331 4265 656 4320 memoriam
677 4269 744 4332 Τ,
795 4266 1233 4318 at—memoria
1280 4273 1328 4318 ct
1377 4271 1488 4318 tum
1531 4263 1812 4316 celebrata.
1852 4266 2109 4331 Bentley.
2157 4267 2217 4315 at
2253 4262 2310 4314 in
2332 4295 2398 4300 —
2422 4279 2627 4314 memo-

329 4345 474 4399 riam
511 4347 607 4416 leq.
634 4353 771 4414 puto
801 4347 891 4413 (cf.
921 4345 1111 4398 Herm.
1133 4350 1204 4399 40
1227 4365 1282 4413 p.
1308 4351 1432 4406 155)
1548 4351 1611 4396 10
1633 4361 1853 4412 quoque
1877 4344 2081 4414 (eius)
2108 4343 2334 4412 Bentley
2447 4349 2505 4393 11
2533 4343 2628 4395 de-

333 4425 418 4479 dit
438 4426 698 4481 Beroalcl.
814 4431 880 4478 15
900 4441 1208 4478 marmoreo
1230 4441 1476 4477 marcum
1502 4427 1573 4477 M
1676 4431 1735 4476 17
1768 4425 1897 4493 gaio
1926 4426 2007 4488 Μ,
2028 4423 2143 4492 gaii
2180 4423 2354 4476 GR&
2457 4429 2521 4475 18
2544 4423 2627 4475 in-

330 4505 594 4559 terfectos
619 4506 870 4572 ML¹1T1¹‚
909 4505 1056 4558 inter
1086 4505 1262 4557 fastos
1295 4512 1361 4572 pet
1389 4522 1454 4558 ss.
1487 4503 1516 4556 i
1547 4522 1576 4556 e
1605 4523 1673 4556 m.
1702 4507 1750 4572 1)
1777 4507 1827 4558 G
1938 4510 2003 4556 20
2035 4505 2132 4572 At!
2156 4503 2226 4555 Et
2247 4507 2302 4555 X
2407 4507 2473 4554 24
2503 4505 2626 4570 pic-

332 4601 448 4638 rem
482 4587 532 4639 G
655 4591 720 4638 25
760 4585 1070 4652 militumq:
1109 4589 1176 4639 M
1303 4591 1366 4636 27
1406 4584 1575 4653 petiit
1603 4585 1727 4638 ΤῬ
1840 4590 1901 4636 31
1942 4600 2042 4652 pro
2083 4600 2140 4636 se
2174 4586 2245 4636 M
2365 4589 2430 4634 32
2462 4599 2525 4635 00
2564 4585 2629 4635 J!
