3259 5209
974 367 1191 422 D1vvs
1229 365 1726 421 VESPASIANVS
1773 377 1904 427 [car.
1937 377 2059 427 7-9]
2534 365 2664 430 315

552 529 889 614 Achaiam,
942 532 1233 616 Lyciam,
1298 529 1628 613 Rhodum,
1685 529 2100 613 Byzantium,
2162 528 2424 594 Samum
2471 529 2665 594 liber·
2703 545 2740 590 4

370 639 505 700 tate
586 637 911 722 adempta,
1004 639 1159 703 item
1242 637 1582 702 Trachiam
1661 634 1949 702 Ciliciam
2041 641 2106 702 et
2191 635 2666 722 Commagenen

370 741 641 807 dicionis
686 747 901 830 regiae
946 767 1147 829 usque
1192 745 1273 808 ad
1320 744 1385 808 id
1429 749 1706 829 tempus,
1751 745 1820 808 in
1864 744 2342 827 prouinciarum
2387 743 2662 808 formam

371 850 635 935 redegit.
727 850 1167 936 Cappadociae
1221 855 1488 936 propter
1541 850 1844 915 adsiduos
1899 849 2319 915 barbarorum
2366 850 2660 915 incursus

316 985 341 1022 ε
369 956 657 1042 legiones
704 958 947 1022 addidit
994 959 1522 1041 consularemque
1566 961 1882 1023 rectorem
1929 956 2240 1042 imposuit
2287 977 2402 1040 pro
2451 978 2546 1040 eq.
2586 955 2663 1022 R.

550 1063 873 1130 Deformis
920 1064 1074 1130 urbs
1120 1064 1447 1128 ueteribus
1493 1063 1804 1129 incendiis
1851 1084 1925 1128 ac
1971 1063 2174 1127 ruinis
2213 1066 2375 1148 erat3
2429 1084 2661 1127 uacuas
2701 1077 2736 1123 ε’)

369 1191 549 1236 areas
594 1192 907 1255 occupare
954 1175 1018 1234 et
1065 1170 1414 1252 aedificare,
1462 1169 1517 1235 si
1564 1191 1962 1252 possessores
1999 1173 2338 1254 cessarent,
2383 1169 2664 1234 cuicum·
2743 1233 2750 1236 .

370 1298 493 1360 que
540 1278 851 1361 permisit.
942 1279 1077 1362 ipse
1137 1278 1612 1342 restitutionem
1674 1275 1977 1361 Capitolii
2037 1275 2375 1362 adgressus
2421 1277 2661 1342 ruderi-

367 1381 489 1448 bus
534 1385 885 1470 purgandis
929 1407 1156 1450 manus
1202 1384 1451 1469 primus
1507 1383 1799 1449 admouit
1845 1403 1919 1447 ac
1965 1405 2082 1447 suo
2130 1382 2300 1448 collo
2349 1384 2662 1468 quaedam

288 1517 339 1556 ιο
367 1491 625 1576 extulit3
672 1513 1124 1575 aerearumque
1162 1490 1530 1556 tabularum
1572 1490 1702 1555 tria
1739 1489 1936 1574 milia,
1976 1511 2140 1574 quae
2188 1489 2381 1554 simul
2428 1492 2660 1556 confla-

366 1603 727 1681 grauerant,
770 1599 1161 1663 restituenda
1196 1599 1479 1682 suscepit
1512 1598 1800 1682 undique
1841 1597 2248 1682 inuestigatis
2287 1597 2662 1681 exemplari-

368 1703 513 1768 bus:
574 1705 1071 1770 instrumentum
1129 1705 1378 1790 imperii
1434 1704 1944 1790 pulcherrimum
2002 1725 2076 1767 ac
2131 1705 2662 1788 uetustissimum,

367 1831 495 1894 quo
551 1811 1044 1876 continebantur
1100 1833 1303 1896 paene
1348 1810 1430 1876 ab
1478 1811 1743 1876 exordio
1801 1811 1980 1875 urbis
2036 1814 2294 1874 senatus
2352 1812 2661 1895 consulta,

366 1916 633 2002 plebi[s]
680 1920 839 1982 scita
886 1921 961 1983 de
1008 1919 1311 1983 societate
1360 1923 1421 1983 et
1468 1918 1722 1982 foedere
1771 1939 1846 1983 ac
1889 1918 2233 2004 priuilegio
2283 1918 2661 2003 cuicumque

286 2045 335 2086 ιε
365 2026 698 2090 concessis,
789 2025 942 2089 fecit
987 2030 1052 2089 et
1096 2046 1267 2089 noua
1305 2046 1499 2108 opera
1535 2024 1848 2108 templum
1887 2024 2072 2089 Pacis
2110 2025 2252 2089 foro
2290 2025 2655 2109 proximum
2706 2017 2756 2081 9

364 2130 647 2215 Diuique
693 2131 921 2195 Claudi
975 2132 1042 2195 in
1092 2130 1306 2196 Caelio
1362 2137 1581 2196 monte
1631 2137 1930 2215 coeptum
1987 2132 2240 2215 quidem
2293 2131 2374 2196 ab
2423 2131 2655 2219 Agrip-

364 2239 533 2320 pina,
588 2239 700 2303 sed
754 2261 791 2302 a
835 2238 1093 2303 Nerone
1140 2261 1340 2322 prope
1385 2238 1678 2302 funditus
1729 2239 2153 2322 destructum3
2209 2238 2364 2303 item
2413 2238 2656 2322 amphi-

364 2345 689 2409 theatrum
736 2345 894 2410 urbe
942 2346 1165 2426 media,
1212 2350 1285 2408 ut
1330 2345 1682 2408 destinasse
1733 2351 2132 2428 compererat
2179 2347 2566 2430 Augustum.

542 2451 997 2538 Amplissimos
1058 2451 1311 2515 ordines
1366 2455 1429 2514 et
1476 2451 1822 2515 exhaustos
1871 2451 2058 2517 caede
2105 2453 2285 2517 uaria
2331 2458 2396 2516 et
2443 2456 2656 2516 conta·
2696 2462 2728 2506 2

508 2651 535 2697 1
576 2646 810 2714 Eutrop.
846 2645 969 2698 VII
989 2651 1077 2710 19,
1097 2649 1130 2698 4
1159 2644 1449 2710 Achaiam,
1472 2644 1717 2712 Lyciam,
1740 2645 2016 2711 Rhodum,
2037 2645 2388 2713 Byzantium,
2412 2645 2654 2708 Samum,

362 2741 506 2792 quae
538 2724 751 2779 liberae
790 2727 920 2778 ante
957 2723 1018 2777 id
1054 2728 1277 2794 tempus
1314 2725 1555 2790 fuerant,
1593 2725 1730 2777 item
1765 2723 2080 2792 Thraciam,
2119 2724 2376 2780 Ciliciam
2407 2724 2658 2800 (Θρᾷκάς

360 2823 419 2859 τε
458 2805 548 2859 ἐπὶ
594 2805 813 2867 τούτοις
856 2805 953 2858 καὶ
991 2801 1223 2866 Κίλικας
1261 2806 1589 2868 Paeaniusl,
1630 2804 2067 2873 Commagenen,
2107 2821 2250 2873 quae
2289 2806 2392 2859 sub
2431 2805 2657 2873 regibus

363 2884 559 2938 amicis
614 2889 869 2954 egerant,
925 2885 984 2937 in
1039 2883 1456 2953 prouinciarum
1512 2885 1749 2938 formam
1803 2886 2025 2954 redegit
2080 2887 2228 2954 (inde
2275 2887 2432 2940 Hier.
2471 2887 2652 2939 chron.

363 2983 414 3018 a.
443 2969 624 3034 2090).
700 2965 853 3032 Epic.
896 2971 947 3030 9,
979 2969 1047 3018 13
1102 2965 1287 3032 Syria,
1335 2965 1423 3018 cui
1462 2964 1784 3018 Palaestina
1830 2983 2032 3019 nomen
2081 2970 2165 3019 est
2212 2968 2361 3035 (haec
2406 2983 2472 3019 ex
2520 2965 2653 3018 Viet.

365 3047 513 3100 Caes.
544 3051 596 3110 9,
616 3050 715 3112 10;
765 3047 833 3110 cf.
865 3045 1099 3112 Eutrop.
1135 3047 1257 3099 VII
1287 3051 1372 3109 19,
1392 3049 1462 3113 3),
1504 3044 1812 3112 Ciliciaque
1842 3061 1907 3098 ac
1937 3045 2177 3100 Thracia
2207 3046 2446 3115 (trachia
2479 3045 2656 3112 codd.)

360 3129 419 3178 et
457 3127 827 3194 Commagene
970 3125 1275 3195 prouinciis
1314 3141 1613 3179 accessere.
1689 3127 1838 3179 Oro-5.
1872 3127 1994 3179 VII
2014 3132 2067 3192 9,
2089 3131 2158 3179 10
2196 3125 2426 3192 Achaia,
2465 3124 2656 3192 Lycia,

360 3205 608 3271 Rhodus,
645 3205 997 3274 Byzantium,
1037 3205 1251 3272 Samus,
1290 3205 1546 3273 Thracia,
1587 3205 1804 3270 Cilicia,
1833 3205 2204 3275 Commagene
2243 3209 2378 3259 tunc
2411 3205 2655 3273 primum

358 3286 619 3339 redactae
674 3286 733 3339 in
786 3286 1107 3354 prouincias
1158 3286 1425 3339 Romanis
1482 3286 1765 3339 iudicibus
1822 3285 2156 3355 legibusque
2214 3288 2522 3354 paruerunt
2567 3289 2654 3352 (ex

362 3367 636 3434 Eutropio
667 3368 893 3434 potius).
1040 3371 1069 3418 6
1112 3367 1264 3433 Epic.
1306 3371 1358 3432 9,
1386 3372 1422 3420 8
1459 3366 1695 3420 Romam
1725 3367 2030 3420 deformem
2060 3366 2334 3420 incendiis
2366 3365 2654 3419 ueteribus

360 3461 427 3498 ac
464 3446 657 3510 ruinis,
694 3447 989 3515 permissa,
1040 3447 1087 3498 si
1126 3445 1337 3499 domini
1377 3446 1660 3512 deessent,
1705 3446 2028 3502 uolentibus
2078 3446 2414 3500 aedificandi
2473 3447 2654 3514 copia,

360 3525 717 3594 Capitolium,
758 3527 953 3580 aedem
982 3526 1159 3592 Pacis,
1198 3525 1418 3580 Claudii
1456 3529 1819 3580 monumenta
1857 3527 2146 3596 reparauit
2180 3527 2472 3596 multaque
2507 3543 2655 3580 noua

358 3605 623 3659 instituit.
684 3608 864 3660 Victor
894 3608 1042 3661 Caes.
1075 3611 1123 3671 9,
1150 3611 1181 3659 7
1209 3607 1419 3660 Romae
1441 3605 1800 3674 Capitolium,
1840 3606 1990 3674 quod
2022 3606 2456 3676 conflagrauisse
2485 3623 2654 3675 supra

358 3686 807 3752 memorauimus,
844 3687 1009 3740 aedes
1042 3686 1223 3754 Facie,
1262 3686 1483 3740 Claudii
1522 3689 1899 3753 monumenta,
1939 3687 2344 3755 amphitheatri
2376 3691 2539 3741 tanta
2566 3687 2659 3740 uis

358 3765 648 3833 multaque
686 3765 799 3819 alia
836 3766 1177 3835 (multaeque
1214 3767 1359 3820 aliae
1396 3767 1571 3834 codd.)
1610 3783 1679 3820 ac
1715 3767 1898 3820 forum
1937 3769 2136 3835 coepta
2175 3785 2272 3820 seu
2309 3769 2552 3836 patrata.

363 3851 426 3899 19
439 3863 557 3913 sqq.
619 3848 800 3901 Victor
839 3847 985 3900 Caes.
1020 3853 1070 3911 9,
1101 3852 1137 3900 9
1192 3864 1361 3900 censu
1416 3863 1569 3900 more
1624 3850 1880 3900 ueterum
1927 3847 2171 3901 exercito
2221 3851 2420 3901 senatu
2466 3850 2652 3900 motus

359 3926 678 3994 probrosior
722 3927 975 3996 quisque,
1018 3945 1083 3981 ac
1128 3927 1290 3980 lectis
1334 3927 1585 3995 undique
1631 3927 1862 3996 optimis
1899 3927 2038 3980 uiris
2075 3926 2230 3980 mille
2269 3930 2465 3997 gentes
2505 3943 2652 3980 com-

355 4006 599 4073 positae,
648 4023 775 4060 cum
822 4007 1092 4061 ducentas
1139 4007 1444 4078 aegerrime
1492 4008 1832 4076 repperisset
1877 4007 2139 4060 extinctis
2178 4007 2418 4060 saeuitia
2463 4009 2656 4074 tyran-

357 4101 557 4139 norum
592 4086 875 4155 plerisque
914 4088 1061 4157 (inde
1098 4089 1251 4156 Epit.
1285 4092 1337 4152 9,
1358 4091 1465 4156 11).

502 4261 533 4308 2
580 4254 879 4309 Trachiam
914 4257 1149 4327 Bentley
1194 4255 1521 4324 (Tracheam
1578 4258 1907 4325 Tur-nebus),
1943 4256 2222 4310 thraciam
2258 4256 2311 4307 Ω
2357 4255 2652 4323 (thratiam

363 4335 501 4404 03¹,
538 4335 814 4389 trachiam
852 4338 925 4402 Π,
963 4337 1199 4390 traciam
1241 4338 1334 4406 Τ),
1370 4338 1439 4403 cf.
1480 4338 1669 4390 testim.
1707 4354 1880 4405 supra
2060 4335 2416 4403 ciliciamque
2459 4335 2510 4390 G

358 4419 391 4467 4
427 4415 639 4485 redigit
678 4415 751 4468 M
917 4421 947 4469 9
984 4416 1197 4484 primus
1236 4433 1434 4470 manus
1477 4416 1528 4470 G
1702 4423 1766 4468 13
1807 4416 2122 4470 consultam
2162 4417 2246 4482 M,
2291 4414 2547 4468 consulta
2586 4431 2654 4468 ac

360 4496 468 4562 (uel
495 4497 571 4564 et)
602 4495 833 4566 Bentley
980 4503 1044 4550 19
1083 4496 1494 4565 amplissimum
1523 4496 1754 4565 Lipsius
1788 4498 2018 4568 iungens
2055 4515 2176 4550 cum
2203 4496 2652 4566 praecedentibus
