3259 5209
873 2127 957 2211 O.
1026 2124 1462 2211 SVE'PONI
1530 2126 2162 2229 TRANQVILLI

699 2295 792 2391 D
825 2295 905 2390 E
1001 2296 1166 2392 VI
1201 2298 1388 2392 TA
1483 2297 1665 2393 CA
1696 2297 1777 2392 E
1822 2296 2346 2395 SARVM

1386 2502 1600 2557 LIBER
1637 2503 1662 2556 1

1080 2650 1160 2731 D
1183 2650 1459 2733 IVVS
1525 2651 1949 2735 IVLIVS

1497 2825 1528 2859 *

548 2932 810 2997 Annum
857 2954 1053 3018 agens
1101 2936 1351 2997 sextum
1401 2932 1720 2997 decimum
1767 2937 2012 3017 patrem
2061 2934 2302 3020 amisit3
2350 2937 2666 3018 sequenti·
2701 2934 2738 3000 l

368 3041 619 3123 busque
675 3039 1047 3104 oonsulibus
1103 3040 1336 3123 flamen
1382 3037 1588 3102 Dialis
1641 3039 1996 3103 destinatus
2043 3040 2307 3106 dimissa
2354 3039 2667 3127 Cossutia,

371 3167 533 3229 quae
579 3145 825 3210 familia
870 3146 1151 3230 equestri
1198 3145 1309 3209 sed
1356 3144 1701 3211 admodum
1741 3146 1920 3211 diues
1958 3152 2358 3230 praetextato
2398 3149 2667 3233 despon-

369 3257 509 3315 sata
571 3253 809 3336 fuerat,
874 3251 1232 3317 Corneliam
1292 3250 1532 3317 Cinnae
1597 3257 1823 3337 quater
1889 3253 2167 3318 consulis
2227 3254 2428 3319 filiam
2485 3256 2670 3319 duxit

314 3382 342 3421 5
368 3380 664 3441 uxorem,
711 3381 788 3423 ex
836 3381 962 3442 qua
1008 3358 1104 3421 illi
1150 3379 1303 3422 mox
1348 3356 1516 3422 Iulia
1560 3364 1713 3423 nata
1758 3365 1881 3444 est3
1931 3381 2139 3444 neque
2184 3364 2260 3424 ul:
2303 3361 2667 3445 repudiaret

511 3552 810 3619 Inscriptio
851 3553 1132 3620 primaria
1171 3552 1354 3617 periit.
1432 3551 1493 3602 in
1535 3551 1605 3603 M
1637 3553 1733 3620 fol.
1775 3558 1805 3606 1
1853 3554 2102 3624 maryine
2145 3554 2424 3623 superiore
2470 3571 2669 3608 man-ue

368 3632 544 3685 altera
580 3632 874 3699 adscripsit
902 3629 1105 3699 incipit
1134 3629 1420 3683 suetonius
1451 3630 1521 3684 de
1550 3632 1674 3685 uita
1703 3639 1913 3687 cesarfi.
1953 3651 2100 3686 nune
2128 3637 2291 3703 gesta
2330 3640 2522 3687 cosan-1

367 3711 568 3780 reliqui
608 3713 689 3766 sic
740 3711 966 3779 (litteris
1009 3710 1316 3779 yrandibus
1367 3717 1595 3780 omnes):
1665 3711 1721 3767 C.
1762 3713 2016 3767 Suetonii
2064 3713 2378 3782 Tranquilli
2427 3714 2496 3767 de
2544 3713 2666 3767 uita

370 3788 671 3844 Caesarum
717 3790 814 3843 lib.
853 3791 877 3843 1
922 3790 1092 3858 incip.
1144 3789 1309 3843 diuus
1365 3789 1540 3842 Iulius
1580 3792 1784 3846 Caesar
1828 3793 1889 3845 in
1934 3793 2132 3861 primis
2176 3794 2251 3860 G,
2310 3793 2371 3846 G.
2413 3793 2666 3847 Suetonii

366 3869 685 3939 Tranquilli
733 3871 801 3925 de
847 3872 971 3924 uita
1017 3869 1316 3925 Caesarum
1363 3872 1508 3925 liber
1543 3872 1568 3924 I
1618 3873 1671 3926 V
1699 3880 1748 3926 et
1793 3875 2045 3927 similiter
2092 3874 2134 3927 S
2144 3875 2253 3928 OT
2285 3876 2381 3942 qui
2416 3875 2528 3940 fere
2566 3874 2665 3928 ad-

368 3952 509 4005 dum
554 3951 758 4019 incipit
804 3951 969 4003 diuus
1015 3950 1216 4019 Iulius,
1269 3951 1470 4020 incipit
1515 3951 1937 4020 Tranquillinus
1985 3952 2282 4006 Suetonius
2330 3955 2409 4019 L,
2464 3952 2666 4022 incipit

366 4030 511 4085 liber
539 4030 793 4085 Suetonii
812 4031 1127 4098 Tranquilli
1159 4031 1228 4085 de
1255 4033 1378 4084 uita
1407 4035 1465 4084 et
1493 4031 1741 4084 moribus
1771 4032 1870 4084 XII
1892 4032 2154 4086 Cesaram
2181 4033 2327 4086 liber
2364 4033 2575 4102 primus
2602 4034 2664 4097 T,

368 4113 528 4165 nulla
554 4112 923 4180 praescriptio
960 4112 1020 4164 in
1059 4113 1113 4165 P

512 4271 607 4326 Ad
653 4273 915 4325 amissum
962 4272 1091 4325 libri
1135 4271 1360 4324 initium
1405 4288 1520 4324 non
1565 4278 1771 4339 spectat
1817 4273 1967 4327 Seru.
2008 4274 2144 4327 Aen.
2188 4273 2273 4325 VI
2308 4277 2418 4326 798
2468 4277 2545 4339 (u.
2589 4274 2665 4327 ad

369 4353 512 4420 Auq.
552 4355 648 4418 94)

514 4500 540 4547 1
581 4494 807 4546 Annum
843 4509 1015 4562 agens
1048 4496 1121 4547 M
1128 4493 1227 4561 Va,
1265 4492 1439 4545 Iulius
1478 4492 1682 4547 Caesar
1718 4511 1927 4547 annum
1966 4511 2138 4563 agens
2168 4496 2238 4559 L,
2278 4493 2449 4548 Gaius
2488 4493 2662 4548 Iulius

369 4575 575 4628 Caesar
610 4590 817 4627 annum
855 4589 1027 4644 agens
1061 4573 1128 4640 G,
1168 4574 1389 4625 Annum
1418 4589 1589 4642 agens
1619 4573 1825 4626 Caesar
1850 4575 1941 4628 rel.
1966 4578 2113 4643 (post
2151 4592 2356 4627 annum
2391 4576 2664 4628 nonnulla

368 4671 525 4709 erasa
552 4656 616 4707 in
643 4656 724 4722 P)
870 4660 900 4705 3
940 4671 1016 4707 an
1054 4653 1332 4722 desponsa
1359 4653 1389 4705 ,9
1416 4656 1484 4719 cf.
1511 4655 1703 4707 Claud.
1726 4658 1800 4706 27
1945 4662 1975 4707 5
2005 4656 2092 4725 ut]
2123 4655 2258 4722 quin
2293 4656 2341 4703 fr*

475 4752 745 4793 svn-tonum
775 4752 845 4792 ed.
872 4753 1004 4792 Ihm.
1061 4753 1097 4792 I.
2260 4752 2283 4795 l
