3259 5209
1238 421 1435 478 OTHO
1472 435 1605 486 [m.
1637 435 1762 484 0-81
2513 423 2649 488 289

348 587 431 650 ab
480 587 703 652 infima
746 587 934 673 plebe
994 587 1355 672 appellatus
1398 585 1575 652 Nero
1628 588 1880 652 nullum
1937 587 2246 652 indicium
2293 588 2650 653 recusantis

347 693 545 778 dedit,
591 694 809 778 imme,
856 700 933 759 ut
981 693 1243 778 quidam
1288 693 1716 778 tradiderunt,
1769 695 1966 758 etiam
2013 693 2474 780 diplomatibus
2519 695 2650 779 pri-

347 802 601 884 misque
665 802 961 886 epistulis
1036 803 1168 866 suis
1232 801 1311 865 ad
1387 801 1696 885 quosdam
1770 802 2250 886 prouinciarum
2322 800 2646 886 praesides

346 905 626 972 Neronis
672 927 1031 992 cognomen
1076 908 1326 974 adiecit.
1406 913 1577 972 certe
1620 913 1688 972 et
1735 909 2046 993 imagines
2093 912 2464 992 statuasque
2511 909 2647 972 eius

294 1039 318 1078 ι
352 1013 579 1096 reponi
638 1035 865 1099 passus
925 1020 1022 1080 est
1082 1019 1145 1078 et
1203 1019 1650 1098 procuratores
1710 1019 1904 1098 atque
1962 1014 2231 1079 libertos
2291 1015 2372 1078 ad
2427 1014 2646 1078 eadem

350 1121 569 1186 officia
602 1123 950 1206 reuocauit,
986 1143 1105 1186 nec
1143 1123 1487 1206 quicquam
1522 1121 1706 1206 prius
1742 1143 1860 1204 pro
1905 1125 2224 1206 potestate
2263 1119 2650 1206 subscripsit

351 1249 545 1310 quam
592 1229 999 1315 quingenties
1037 1229 1404 1294 sestertium
1450 1228 1531 1292 ad
1573 1229 2001 1314 peragendam
2038 1227 2319 1294 Auream
2365 1227 2645 1292 domum.

526 1333 782 1399 Dicitur
818 1355 892 1400 ea
928 1341 1117 1401 nocte
1147 1359 1263 1420 per
1298 1336 1579 1420 quietem
1607 1335 1982 1421 pauefactus
2012 1336 2291 1420 gemitus
2329 1335 2643 1400 maximos
2682 1351 2714 1398 2

347 1439 619 1506 edidisse
656 1447 1075 1528 repertusque
1114 1465 1153 1508 a
1180 1443 1710 1508 concursantibus
1745 1441 1926 1508 humi
1973 1447 2120 1506 ante
2155 1443 2394 1506 lectum
2432 1441 2643 1507 iacens

266 1571 319 1611 ιο
348 1570 465 1632 per
512 1550 729 1614 omnia
772 1549 1175 1634 piaculorum
1222 1571 1455 1636 genera
1490 1549 1713 1614 Manes
1755 1548 2014 1632 Galbae,
2059 1570 2098 1612 a
2143 1571 2271 1632 quo
2319 1547 2644 1614 deturbari

346 1654 709 1738 expellique
758 1679 825 1721 se
874 1657 1147 1740 uiderat,
1202 1655 1554 1740 propitiare
1600 1660 1976 1741 temptasse3
2030 1655 2342 1739 postridie
2388 1677 2644 1740 quoque

346 1761 415 1824 in
461 1763 834 1848 augurando
892 1767 1273 1847 tempestate
1328 1767 1469 1828 orta
1523 1765 1810 1849 grauiter
1866 1765 2240 1849 prolapsum
2295 1762 2642 1827 identidem

346 1867 891 1935 obmurmurasse:

896 1980 969 2041 τί
1007 1978 1135 2062 γάρ
1180 2001 1294 2060 μοι
1340 1975 1448 2042 καὶ
1496 1988 1773 2062 μακροῖς
1818 1977 2079 2054 αὐλοῖς,-

268 2105 317 2144 15
528 2081 662 2147 Sub
710 2083 879 2148 idem
928 2103 1082 2148 uero
1127 2088 1385 2168 tempus
1433 2081 1900 2148 Germaniciani
1947 2085 2264 2147 exercitus
2313 2084 2380 2146 in
2416 2081 2643 2146 Vitelli
2676 2081 2718 2144 8

344 2189 545 2253 uerba
582 2191 885 2254 iurarant.
968 2190 1141 2274 quod
1178 2195 1247 2254 ut
1290 2193 1619 2274 comperit,
1667 2195 1891 2254 auctor
1927 2189 2178 2254 senatui
2215 2189 2340 2254 fuit
2385 2190 2639 2254 mitten-

346 2296 463 2360 dae
508 2297 881 2382 legationiS,
928 2318 1087 2379 quae
1134 2297 1388 2363 doceret
1436 2298 1708 2361 electum
1757 2297 1883 2360 iam
1929 2297 2312 2380 principem,
2361 2296 2638 2380 quietem

346 2403 880 2486 concordiamque
920 2403 1237 2486 suaderet3
1283 2408 1347 2467 et
1394 2408 1609 2468 tamen
1655 2426 1769 2487 per
1806 2403 2234 2467 internuntios
2271 2423 2348 2467 ac
2391 2405 2640 2468 litteras

345 2513 711 2574 consortem
784 2510 1039 2594 imperii
1104 2531 1535 2596 generumque
1607 2532 1674 2573 se
1735 2508 2001 2574 Vitellio
2063 2509 2318 2593 optulit.
2413 2532 2638 2575 uerum

262 2636 317 2675 ιο
342 2615 517 2679 haud
578 2615 772 2681 dubio
835 2615 1005 2681 bello
1067 2618 1325 2700 iamque
1386 2616 1657 2682 ducibus
1713 2621 1778 2681 et
1835 2617 2062 2701 copiis,
2123 2638 2280 2700 quas
2337 2615 2640 2681 Vitellius

345 2723 788 2806 praemiserat,
862 2722 1533 2808 appropinquantibus
1598 2723 1882 2789 animum
1957 2721 2276 2806 fidemque
2349 2745 2502 2807 erga
2575 2745 2639 2786 se

347 2829 899 2912 praetorianorum
938 2851 1139 2915 paene
1166 2831 1599 2894 internecione
1638 2831 2020 2914 amplissimi
2059 2829 2300 2893 ordinis
2339 2833 2637 2912 expertus

344 2940 459 2998 est.
545 2934 663 3020 [ct]
714 2937 1041 3019 placuerat
1087 2958 1204 3021 per
1249 2935 1608 3001 classiarios
1657 2957 1834 3000 arma
1886 2935 2220 3000 transferri
2270 2935 2638 3020 remittique
2675 2951 2706 2997 2

346 3042 651 3126 nauibus3
699 3065 773 3107 ea
819 3065 963 3107 cum
1012 3044 1081 3107 in
1129 3044 1351 3108 castris
1400 3043 1520 3107 sub
1562 3047 1816 3108 noctem
1863 3047 2325 3127 promerentur,
2372 3042 2636 3107 insidias

262 3169 315 3208 τε
347 3148 605 3232 quidam
670 3150 979 3234 suspicati
1038 3149 1387 3215 tumultum
1437 3151 1904 3234 excitauerunt3
1959 3171 2038 3242 ’ac
2095 3155 2354 3232 repente
2417 3139 2636 3213 omnes

342 3255 523 3320 nullo
589 3260 763 3320 certo
829 3256 988 3322 duce
1062 3257 1129 3320 in
1192 3255 1512 3321 Palatium
1578 3261 1993 3322 cucurrerunt
2058 3257 2312 3320 caedem
2379 3261 2636 3320 senatus

344 3363 727 3447 flagitantes,
786 3364 1190 3447 repulsisque
1240 3363 1649 3429 tribunorum
1700 3364 1810 3447 qui
1871 3361 2160 3427 inhibere
2217 3361 2636 3447 temptabant,

342 3471 564 3480 ——u—

487 3525 554 3572 15
594 3521 828 3589 Eutrop.
874 3521 993 3576 VII
1015 3526 1101 3585 17,
1132 3525 1167 3576 3
1206 3537 1329 3574 cum
1370 3521 1550 3574 isdem
1586 3521 1949 3590 temporibus,
1987 3519 2191 3588 quibus
2221 3519 2368 3573 Otho
2399 3519 2636 3574 Galbam

342 3600 643 3666 occiderat,
675 3600 847 3654 etiam
875 3600 1141 3654 Vitellius
1168 3601 1353 3654 factus
1382 3605 1530 3654 esset
1558 3616 1591 3652 a
1620 3600 2066 3654 Germanicianis
2095 3601 2431 3654 exercitibus
2459 3600 2637 3670 impe-

339 3683 510 3734 rator.
596 3681 747 3735 Oros.
790 3681 911 3734 VII
932 3685 987 3748 8,
1018 3685 1053 3734 6
1100 3697 1225 3734 cum
1264 3723 1277 3734 .
1310 3723 1321 3734 .
1355 3723 1364 3733 .
1406 3681 1712 3735 inuasisset
1755 3681 2054 3750 imperium
2101 3697 2168 3736 ac
2211 3697 2342 3735 mox
2387 3683 2636 3735 creatum

340 3761 737 3829 imperatorem
772 3759 832 3813 in
871 3759 1061 3814 Gallia
1096 3777 1197 3830 per
1235 3761 1597 3814 Germanicas
1640 3761 1890 3829 legiones
1931 3757 2221 3814 Vitellium
2261 3761 2634 3830 comperisset.

484 3918 513 3964 9
534 3911 885 3980 repertisque
908 3913 1016 3967 Mo
1124 3912 1585 3966 conuersantibus
1606 3916 1665 3965 X
1743 3917 1806 3964 12
1837 3912 2192 3982 prolapsusY
2215 3914 2301 3980 (cf.
2318 3929 2377 3980 p.
2397 3917 2528 3978 292,
2548 3917 2638 3982 17)

342 3999 407 4045 14
446 3993 640 4054 αὐλοῖς
668 4009 701 4051 ς
730 3993 869 4060 (Dio
900 3995 987 4057 64,
1018 3997 1053 4046 '7
1089 3990 1143 4046 τί
1182 3992 1288 4061 γάρ
1316 4011 1383 4062 με
1412 3993 1526 4046 ἔδει
1554 4001 1788 4060 μακροῖς
1825 3993 2016 4053 αὐλοῖς
2053 3993 2282 4060 αὐλεῖν),
2320 3993 2637 4047 ΔΟΥΛΟΙ(

341 4074 427 4138 Μ,
466 4071 831 4126 ΛΔοΥΛοιε
866 4072 934 4138 G,
964 4073 1268 4128 uoraonc
1297 4073 1352 4140 S,
1389 4072 1702 4128 Δογὰοις
1733 4074 1902 4142 (-ωις
1936 4075 2001 4141 Τ)
2033 4071 2152 4139 Lr,
2191 4071 2416 4133 ἀσύλοις
2445 4088 2494 4136 ς,
2532 4089 2634 4126 om.

338 4153 448 4208 PT
589 4155 656 4206 15
686 4151 1114 4221 germanicianii
1136 4154 1211 4207 M
1212 4153 1336 4218 GR,
1365 4151 1673 4222 germanici
1693 4156 1752 4206 X
1891 4159 1956 4205 16
1985 4150 2198 4205 iurauit
2218 4152 2286 4218 L,
2325 4151 2516 4204 iurant
2527 4152 2637 4206 Po

341 4237 407 4286 18
446 4231 915 4301 concordiamque
948 4233 1106 4299 G'm,
1164 4235 1221 4286 et
1258 4233 1617 4286 concordiam
1663 4235 1710 4285 Τ
1743 4233 1922 4300 (edd),
1981 4231 2334 4286 concordiam
2371 4233 2482 4299 rel„
2536 4229 2632 4286 del.

340 4313 407 4366 G.
430 4314 638 4368 Becker
676 4314 763 4381 (cf.
795 4313 983 4368 Herm.
1014 4317 1089 4368 40
1106 4331 1165 4382 p.
1198 4315 1328 4380 182)
1447 4317 1516 4366 20
1553 4311 1668 4365 hau
1706 4315 1780 4367 M
1785 4313 1802 4344 ¹
1920 4319 1986 4364 22
2026 4311 2434 4366 internectione
2461 4312 2612 4366 LP1
2621 4366 2635 4391 ‚

336 4394 580 4447 -nitione
617 4393 721 4447 SH
858 4399 927 4448 28
966 4397 1054 4447 est
1089 4411 1190 4449 om.
1226 4393 1273 4464 Q
1433 4395 1491 4446 et
1528 4393 1628 4446 del.
1668 4394 1820 4448 Torr.
1859 4395 1980 4462 (om.
2011 4391 2121 4461 33³),
2160 4391 2368 4446 etenim
2387 4392 2636 4461 Lipsius,

338 4473 564 4543 quando
606 4473 938 4540 Glareanus,
986 4474 1040 4528 ei
1078 4475 1343 4530 Racheler
1484 4473 1886 4542 praemittique
1925 4474 2249 4545 Stephanus,
2301 4471 2636 4542 demittique

342 4553 481 4609 Oud.
630 4559 698 4606 24
734 4557 1060 4623 pmerentur
1102 4557 1151 4606 Τ

444 4651 717 4694 anronvs
746 4653 815 4693 ed.
842 4653 977 4693 Ihm.
1030 4653 1067 4693 1.
2139 4646 2203 4694 19
