3259 5209
633 440 760 494 VIII
1151 442 1156 447 ’
1569 440 1980 497 PRAEFATIO

635 614 944 686 praeterea
990 615 1057 671 ut
1105 610 1177 670 ad
1221 615 1493 671 sanctum
1529 612 1901 670 Bonifatium
1938 610 2241 673 sollertem
2280 612 2538 688 aliquem
2578 609 2931 670 monachum

635 700 939 777 dirigatis,
1005 702 1107 776 qui
1171 720 1238 759 ex
1294 703 1496 760 uestra
1550 704 1723 777 parte
1776 698 2102 760 Hattonem
2158 700 2435 759 abbatem
2492 700 2797 775 deposcat,
2862 701 2931 757 ut

637 788 806 848 uobis
847 788 1198 848 Suetonium
1235 790 1654 865 Tranquillum
1700 789 1771 848 de
1818 790 1947 848 uita
1986 788 2321 863 Caesarum,
2367 788 2469 865 qui
2516 789 2672 865 apud
2723 806 2823 845 eos
2866 788 2930 845 in

635 877 782 937 duos
846 896 954 936 nec
1016 896 1264 956 magnos
1330 878 1560 937 codices
1613 878 1843 937 diuisus
1900 882 2013 953 est,
2080 878 2155 937 ad
2211 878 2654 937 exscribendum
2709 876 2931 953 dirigat

633 967 898 1041 mihique
946 985 1078 1026 eum
1129 971 1235 1027 aut
1279 968 1423 1043 ipsi,
1479 968 1639 1043 quod
1684 969 1934 1026 nimium
1981 971 2142 1043 opt0,
2190 968 2452 1027 afferatis
2499 969 2631 1037 aut,
2690 968 2742 1025 si
2787 965 2931 1023 haec

634 1057 890 1115 felicitas
937 1057 1155 1115 nostris
1201 1056 1511 1123 differetur,
1550 1058 1834 1132 peccatiS,
1878 1076 1986 1132 per
2031 1058 2421 1115 certissimum
2470 1056 2748 1115 nuntium
2792 1056 2930 1113 mit-

631 1144 878 1203 tendum
934 1146 1166 1204 curetis.
1260 1165 1516 1222 namque
1571 1147 1635 1203 in
1690 1145 1801 1204 hac
1854 1146 2092 1224 regione
2152 1164 2443 1221 nusquam
2506 1144 2825 1217 inuenitur,
2872 1146 2933 1201 et

635 1233 930 1293 credimus
983 1234 1094 1293 hoc
1150 1253 1387 1309 quoque
1441 1252 1548 1294 nos
1604 1233 1948 1293 beneficium
2006 1238 2206 1294 uestra
2249 1234 2611 1293 liberalitate
2658 1250 2923 1293 consecu-

633 1316 907 1404 turos.'¹)
1001 1324 1301 1399 exemplar
1353 1323 1504 1382 illud
1552 1323 1842 1383 Fuldense
1860 1368 1874 1396 ,
1938 1322 2158 1383 litteris
2222 1323 2579 1398 capitalibus
2644 1323 2929 1397 scriptum

638 1404 724 1493 (u.
762 1404 979 1491 infra),
1041 1432 1248 1470 uerum
1304 1416 1484 1489 atque
1539 1414 1779 1471 unicum
1810 1411 2224 1489 ‘archetypum
2282 1430 2407 1471 esse
2453 1408 2767 1487 quominus
2813 1415 2931 1470 sta·

634 1504 875 1559 tuamus
930 1500 1084 1559 nihil
1137 1519 1231 1559 me
1286 1500 1479 1561 iudice
1534 1501 1774 1559 uidetur
1828 1501 2079 1561 obstare.
2172 1505 2352 1577 atque
2399 1519 2468 1559 ex
2514 1499 2719 1560 eodem
2766 1498 2932 1557 fonte

636 1589 900 1649 hausisse
946 1590 1321 1649 Einhardum
1367 1590 1543 1649 facile
1591 1590 1959 1664 concedetur,
2006 1592 2111 1665 qui
2158 1610 2287 1649 cum
2343 1590 2531 1648 uitam
2578 1588 2779 1647 Caroli
2823 1588 2931 1646 im-

633 1680 926 1753 peratoris
982 1680 1190 1755 paucis
1244 1682 1382 1754 post
1436 1679 1667 1738 obitum
1720 1680 1849 1739 eius
1914 1681 2085 1738 annis
2149 1678 2515 1737 conscribere
2574 1679 2933 1751 institueret,

635 1768 792 1826 hunc
854 1768 1232 1844 potissimum
1297 1788 1328 1825 e
1392 1768 1693 1828 ueteribus
1758 1767 2145 1844 scriptoribus
2208 1767 2565 1826 imitandum
2629 1766 2743 1825 sibi
2798 1783 2933 1841 pro-

635 1856 854 1931 posuit,
895 1855 1246 1939 Caesaribus
1294 1876 1363 1915 ac
1408 1859 1664 1917 maxime
1710 1859 1841 1915 uita
1878 1856 2132 1935 Augusti
2180 1860 2305 1915 tam
2352 1859 2595 1915 strenue
2641 1872 2799 1930 usus,
2825 1849 2935 1912 fut

635 1936 753 2004 non
811 1945 986 2004 modo
1035 1965 1267 2004 omnem
1314 1946 1503 2005 libelli
1558 1945 2015 2022 descriptionem
2073 1946 2175 2005 sed
2227 1946 2407 2004 etiam
2464 1946 2726 2023 integras
2771 1943 2931 2002 haud

635 2052 770 2092 raro
819 2034 1143 2095 sententias
1190 2034 1329 2093 inde
1374 2037 1743 2112 repetiuerit,
1789 2038 1849 2094 et
1893 2054 2365 2110 nonnumquam,
2429 2037 2497 2092 ut
2542 2036 2663 2093 iam
2712 2031 2931 2093 Casau-

634 2123 822 2182 bonus
877 2123 1196 2195 iudicauit,
1255 2123 1534 2182 imitandi
1587 2124 1787 2182 studio
1834 2142 1977 2183 suae
2029 2124 2313 2183 historiae
2368 2124 2684 2189 ueritatem
2739 2125 2931 2180 trans-

634 2230 868 2290 gressus
915 2230 1038 2271 esse
1085 2204 1468 2291 uideatur.'²)
1543 2212 1739 2289 medio
1785 2213 1972 2291 igitur
2018 2214 2251 2272 saeculo
2298 2231 2453 2271 nono
2502 2211 2820 2271 Suetonius
2867 2211 2929 2267 in

638 2300 899 2359 Galliam
947 2302 1212 2376 perlatus
1257 2306 1376 2374 est,
1430 2321 1549 2361 non
1603 2303 1737 2377 ipsa
1783 2301 2023 2377 quidem
2068 2302 2374 2361 uolumina
2420 2299 2766 2374 Fuldensia,
2830 2298 2931 2359 sed

637 2390 1076 2467 apographum,
1131 2389 1192 2448 id
1249 2389 1406 2465 quod
1463 2390 1721 2466 probant
1775 2390 2148 2466 corruptelae
2203 2390 2526 2449 nonnullae
2573 2391 2790 2448 librum
2835 2387 2933 2446 de-

637 2479 940 2557 signantes
987 2484 1292 2538 exaratum
1340 2480 1680 2539 minuscula
1724 2480 2085 2553 litteratura,
2132 2480 2298 2554 quali
2338 2478 2659 2538 Fuldenses
2706 2476 2933 2537 scribae

637 2586 826 2643 usque
891 2566 966 2625 ad
1041 2568 1102 2626 id
1177 2564 1298 2627 fere
1373 2571 1606 2644 tempus
1680 2560 2079 2648 utebantur.³)
2174 2573 2305 2627 tum
2377 2568 2613 2627 demum
2687 2565 2933 2625 Suetoni

638 2675 785 2733 opus
859 2656 1053 2734 magis
1126 2658 1433 2733 magisque
1507 2659 1769 2715 innotuit
1832 2659 2171 2733 passimque
2237 2658 2491 2716 maxime
2562 2676 2669 2732 per
2731 2658 2933 2731 partes

639 2743 974 2805 Galliarum
1028 2746 1346 2822 uulgatum
1409 2750 1513 2805 est.
1604 2749 1787 2804 testes
1842 2748 2007 2817 sunt,
2053 2750 2122 2803 ut
2168 2745 2239 2803 de
2283 2746 2375 2803 his
2421 2748 2683 2821 primum
2728 2745 2933 2820 paucis

641 2834 965 2907 absoluam,
1013 2835 1109 2893 uel
1158 2835 1261 2909 qui
1307 2837 1369 2893 in
1419 2836 1681 2910 antiquis
1728 2834 2219 2893 bibliothecarum
2261 2835 2550 2913 catalogis
2586 2853 2933 2893 enumeran-

818 3024 870 3091 1)
907 3020 1220 3087 Dflmmler,
1271 3020 1512 3075 Monum.
1545 3022 1729 3075 Germ.
1768 3022 1896 3075 hist.
1938 3022 2099 3089 epist.
2138 3022 2277 3075 tomi
2307 3020 2385 3074 VI
2428 3036 2557 3090 pars
2596 3020 2747 3090 prior
2781 3038 2834 3089 p.
2866 3024 2932 3074 81

638 3092 821 3160 (epist.
852 3096 969 3159 91);
997 3092 1327 3146 Desdevises
1347 3093 1424 3146 du
1448 3091 1661 3155 Dezert,
1691 3093 1908 3146 Lettres
1929 3093 1999 3148 de
2021 3093 2211 3145 Servat
2230 3092 2387 3161 Loup
2418 3110 2469 3160 p.
2495 3097 2587 3158 983
2619 3091 2681 3145 G.
2704 3091 2933 3158 Becker,

638 3162 813 3218 Catal.
842 3163 978 3218 bibl.
1011 3166 1124 3217 ant.
1155 3182 1210 3232 p.
1241 3168 1324 3216 59.
1383 3163 1441 3216 in
1471 3164 1586 3217 alia
1615 3163 1689 3217 ad
1717 3164 1956 3218 eundem
1987 3164 2233 3232 epistula
2262 3168 2334 3231 (n.
2369 3168 2473 3225 10),
2510 3163 2577 3216 de
2609 3164 2765 3216 cuius
2794 3166 2934 3217 tem·

638 3250 774 3302 pore
825 3252 937 3290 non
987 3238 1210 3289 constat
1253 3234 1575 3301 (Levillain‚
1623 3234 1766 3289 Bibl.
1807 3235 1876 3289 de
1926 3234 2137 3289 l'Ecole
2193 3236 2289 3289 des
2343 3236 2559 3289 char-tes
2612 3234 2756 3288 LXII
2796 3238 2929 3287 1901

638 3323 691 3374 p.
714 3311 817 3359 483
839 3310 958 3375 sq.),
997 3306 1135 3360 haec
1171 3305 1436 3377 legimus:
1479 3307 1637 3373 ‘quid
1678 3323 1843 3375 super
1877 3305 2142 3361 Suetonio
2171 3306 2498 3374 Tranquillo
2533 3310 2591 3358 et
2626 3305 2863 3374 Iosepho
2901 3322 2934 3359 a

637 3377 798 3432 uobis
837 3378 955 3431 fieri
993 3380 1208 3447 optem,
1248 3377 1659 3431 demonstrabit
1694 3378 1844 3449 Eigil
1882 3381 2195 3431 nostrarum
2232 3395 2415 3430 rerum
2454 3377 2595 3430 fidus
2633 3376 2929 3445 interpres’

638 3448 808 3512 (Mon.
833 3447 1012 3503 Germ.
1044 3448 1078 3502 1.
1102 3448 1138 3502 1.
1158 3467 1213 3518 p.
1236 3454 1320 3502 21.
1373 3448 1699 3504 Desdevises
1726 3467 1781 3518 p.
1804 3456 1886 3503 84.
1947 3448 2158 3503 Becker
2177 3468 2229 3518 p.
2253 3453 2355 3517 57).
2417 3449 2485 3501 de
2507 3448 2851 3501 Marcwardo
2876 3449 2937 3501 et

639 3517 789 3590 Eigil
811 3519 1102 3586 monacho,
1123 3519 1220 3587 qui
1239 3523 1368 3589 post
1387 3520 1548 3573 illum
1568 3520 1745 3574 abbas
1768 3521 2105 3574 prumiensis
2126 3521 2307 3574 factus
2331 3523 2416 3573 est
2435 3523 2504 3587 (a.
2524 3524 2843 3586 853-860),
2865 3518 2934 3572 cf.

639 3590 725 3644 W.
735 3588 1124 3654 wattenbach,
1139 3590 1550 3645 Deutschlands
1563 3591 2117 3659 Geschichtsquellen
2137 3592 2213 3644 im
2231 3590 2563 3644 Mittelalter
2578 3590 2628 3642 Ιῗ
2638 3595 2799 3659 psci)
2814 3608 2932 3657 sqq.

819 3665 870 3729 2)
909 3662 1055 3715 Roth
1085 3681 1138 3731 p.
1169 3662 1360 3716 XVIII.
1393 3696 1460 3702 —
1491 3663 1808 3717 Einhardus
1848 3664 1953 3717 etsi
1991 3680 2100 3716 non
2139 3662 2377 3715 multum
2409 3662 2625 3715 confert
2654 3661 2726 3714 ad
2766 3661 2934 3715 crisin

640 3732 887 3796 Suetoni,
909 3736 1094 3788 tamen
1115 3733 1495 3804 neglegendus
1517 3752 1629 3789 non
1660 3739 1746 3788 est
1770 3736 1863 3802 (cf.
1885 3734 2071 3787 Herm.
2096 3739 2163 3787 36
2182 3752 2236 3802 p.
2260 3738 2361 3786 298
2385 3736 2503 3801 sq).
2554 3732 2935 3785 imitationum

637 3804 1246 3859 notabiliores.tantum
1265 3806 1412 3860 i'nter
1432 3806 1975 3874 testimonia-‘posui,·
1993 3823 2125 3859 usus
2146 3805 2395 3859 editione
2415 3804 2714 3857 Pertziana
2733 3806 2937 3871 quarta

637 3894 806 3945 quam
845 3877 1068 3930 curauit
1106 3876 1166 3931 Gr.
1201 3876 1387 3931 Waitz
1419 3878 1693 3945 (Hannov.
1728 3881 1902 3945 1880),
1942 3877 2000 3930 in
2031 3894 2140 3945 qua
2168 3876 2391 3945 potiora
2424 3875 2697 3929 adnotata
2725 3874 2933 3928 inueni.

639 3947 964 4001 adiecerunt
992 3947 1263 4001 nonnulla
1291 3949 1437 4002 Frid.
1463 3948 1718 4002 Schmidt
1747 3948 1849 4017 (De
1873 3948 2154 4001 Einhardo
2185 3946 2438 4001 Suetonii
2459 3946 2759 4012 imitatore,
2790 3946 2936 4014 Bay-

637 4019 802 4071 reuth
843 4024 1000 4088 1880)
1041 4023 1099 4074 et
1133 4019 1207 4072 M.
1239 4020 1507 4073 Manitius
1545 4019 1751 4087 (Neues
1788 4020 1993 4072 Archiv
2032 4018 2134 4071 VH
2176 4024 2309 4072 1882
2350 4036 2402 4087 p.
2436 4022 2539 4069 530
2560 4020 2726 4085 sqq),
2775 4018 2936 4070 inda·

638 4090 873 4215 {31:333
913 4090 1324 4216 {350322222232
1353 4090 1540 4217 ¹323.
1589 4091 1989 4229 {ff{‡²{?333
2008 4088 2439 4214 ‘'333322‘22220
2464 4087 2937 4213 ἒὶἶωιῗῖεἷὲἷὲἰῖῗὲ

639 4232 993 4303 Richtigkeit
1040 4233 1315 4286 Einhards
1367 4234 1426 4286 in
1474 4233 1572 4287 der
1613 4234 1746 4286 Vita
1792 4233 2010 4297 Karoli,
2064 4231 2451 4299 Berol.1872).
2528 4232 2596 4283 cf.
2645 4236 2937 4298 praeterea

639 4320 783 4371 quae
822 4304 1139 4373 disputauit
1171 4305 1433 4358 Ernestus
1463 4304 1777 4369 Bernheim,
1818 4304 2024 4357 Histor.
2058 4304 2321 4356 Anfsiitze
2361 4304 2487 4356 dem
2518 4303 2825 4356 Andenken
2864 4320 2937 4355 an

639 4374 824 4446 Georg
861 4376 1048 4430 Waitz
1085 4376 1386 4445 gewidmet
1424 4376 1696 4443 (Hannov.
1733 4381 1888 4435 1886)
1938 4394 1989 4443 p.
2022 4381 2246 4439 73-96,
2296 4378 2353 4427 et
2398 4375 2456 4426 in
2506 4374 2827 4427 uniuersum
2866 4373 2935 4426 de

635 4447 761 4500 uita
800 4446 1008 4514 Caroli,
1066 4464 1209 4514 quae
1259 4452 1389 4500 ante
1439 4466 1486 4500 a.
1519 4452 1622 4500 820
1669 4447 1931 4501 absoluta
1980 4452 2087 4511 est,
2128 4446 2533 4510 wattenbach,
2582 4443 2936 4499 Geschichts-

641 4517 864 4586 quellen
905 4520 955 4573 1⁷
993 4538 1046 4587 p.
1079 4523 1181 4571 203
1203 4537 1323 4587 sqq.

819 4594 871 4659 3)
911 4590 976 4643 V.
1017 4594 1379 4659 conspectum
1423 4589 1749 4643 mendorum
1789 4589 1936 4643 infra
1976 4589 2187 4642 datum.
