3259 5209
602 448 733 511 332
1296 450 1352 505 C.
1394 449 1708 504 SVETONI
1746 450 2192 516 TRANQVILLI

531 631 562 676 3
778 610 1067 677 Fratrem
1114 613 1403 678 insidiari
1452 615 1575 678 sibi
1620 635 1752 678 non
1792 614 2204 697 desinentem,
2252 615 2363 678 sed
2399 637 2603 701 paene
2642 638 2719 680 ex
2755 638 2912 700 pro·

605 718 777 783 fesso
818 720 1267 784 sollicitantem
1300 720 1636 805 exercituS,
1675 721 2084 786 meditantem
2113 721 2352 807 fugam,
2379 744 2588 806 neque
2618 722 2911 786 occidere

599 847 809 909 neque
838 847 1145 910 seponere
1175 849 1249 891 ac
1275 849 1356 891 ne
1387 826 1454 891 in
1483 829 1732 892 minore
1757 827 2012 912 quidem
2041 827 2286 893 honore
2314 828 2552 894 habere
2580 829 2912 912 sustinuit,

602 934 730 1015 sed,
775 938 849 998 ut
886 956 923 998 a
959 934 1166 1019 primo
1206 935 1459 1018 imperii
1505 934 1626 1019 die,
1675 940 2034 1000 consortem
2073 957 2632 1020 successoremque
2679 936 2910 1001 testari

602 1040 1053 1124 perseuerauit,
1098 1063 1577 1124 nonnumquam
1627 1045 1871 1106 secreto
1919 1040 2218 1126 precibus
2255 1046 2321 1106 et
2367 1043 2645 1107 lacrimis
2694 1065 2910 1127 orans,
2973 1071 3012 1110 s

502 1147 689 1212 10ut
724 1147 1025 1211 tandem
1062 1153 1325 1212 mutuo
1374 1169 1552 1234 erga
1600 1170 1678 1212 se
1717 1148 1962 1213 animo
2001 1148 2244 1214 uellet
2281 1170 2461 1214 esse.
2544 1149 2711 1214 inter
2747 1150 2914 1214 haec

603 1258 808 1319 morte
854 1257 1241 1338 praeuentus
1289 1259 1388 1318 est
1432 1256 1676 1319 maiore
1722 1254 2058 1319 hominum
2106 1256 2337 1322 damno
2388 1279 2577 1340 quam
2625 1278 2762 1321 suo.

784 1359 1177 1444 Spectaculis
1217 1361 1550 1445 absolutis,
1597 1363 1668 1424 in
1707 1382 1978 1445 quorum
2016 1363 2143 1426 fine
2181 1365 2423 1447 populo
2463 1385 2676 1428 coram
2725 1363 2912 1427 uber-

602 1469 720 1530 tim
758 1467 1039 1550 fleuerat,
1088 1465 1360 1533 Sabinos
1397 1469 1563 1553 petit
1607 1468 1938 1552 aliquanto
1987 1470 2250 1554 tristior,
2298 1471 2469 1553 quod
2517 1469 2912 1535 sacrificanti

604 1573 817 1638 hostia
862 1573 1202 1658 aufugerat
1249 1575 1547 1658 quodque
1594 1580 1978 1659 tempestate
2017 1599 2242 1641 serena
2275 1579 2592 1642 tonuerat.
2677 1574 2910 1640 deinde
2949 1605 3012 1642 u>

607 1681 683 1744 ad
722 1682 993 1764 primam
1032 1683 1250 1745 statim
1288 1683 1683 1746 mansionem
1721 1682 1951 1747 febrim
1988 1688 2281 1766 nanctu0,
2329 1706 2473 1749 cum
2503 1683 2664 1748 inde·
2679 1681 2916 1747 lectica

604 1786 1077 1870 transferretur,
1124 1789 1488 1872 suspexisse
1527 1789 1765 1853 dicitur
1813 1789 2072 1855 dimotis
2120 1791 2380 1874 pallulis
2429 1790 2693 1873 caelum,
2749 1788 2916 1853 mul-

605 1901 873 1978 tumque
934 1897 1320 1977 conquestus
1382 1896 1579 1979 eripi
1639 1896 1788 1960 sibi
1845 1896 2081 1960 uitam
2139 1897 2599 1980 immerenti3
2662 1918 2914 1979 neque

608 2003 804 2066 enim
844 2005 1104 2065 extare
1141 2002 1379 2066 ullum
1421 2023 1636 2066 suum
1675 2001 1962 2067 factum
2000 2002 2544 2086 paenitendum
2582 2007 2913 2087 excepto

540 2126 569 2171 2
610 2109 782 2172 dum
825 2112 1043 2172 taxat
1096 2129 1260 2172 uno.
1354 2109 1419 2172 id
1468 2108 1655 2193 quale
1702 2109 1922 2194 fuerit,
1985 2132 2193 2193 neque
2242 2110 2378 2194 ipse
2425 2115 2578 2174 tunc
2624 2109 2919 2194 prodidit
2955 2139 3014 2177 ιε

610 2238 817 2298 neque
874 2217 1171 2298 cuiquam
1228 2214 1417 2281 facile
1475 2221 1822 2280 succurrat.
1923 2216 2182 2299 quidam
2244 2217 2591 2300 opinantur
2648 2237 2914 2281 consue-

611 2323 899 2386 tudinem
957 2321 1391 2406 recordatum,
1454 2345 1647 2406 quam
1705 2344 1848 2386 cum
1905 2323 2125 2386 fratris
2171 2344 2370 2388 uxore
2415 2323 2736 2408 habuerit;
2799 2322 2914 2387 sed

611 2427 854 2492 nullam
916 2428 1219 2494 habuisse
1278 2434 1611 2512 persancte
1669 2429 1956 2493 Domitia
2015 2429 2292 2510 iurabat,
2351 2428 2520 2494 haud
2583 2434 2914 2514 nega-tura,

613 2537 667 2599 si
699 2557 825 2618 qua
854 2536 1112 2600 omnino
1144 2536 1388 2619 fuisset,
1428 2537 1622 2599 immo
1659 2537 1848 2600 etiam
1889 2537 2260 2620 gloriatura,
2308 2537 2479 2621 quod
2517 2537 2613 2600 illi
2653 2558 2912 2620 promp-

610 2642 930 2706 tissimum
978 2647 1113 2706 erat
1158 2643 1226 2704 in
1276 2642 1569 2706 omnibus
1617 2643 1891 2726 probris,
2925 2672 3004 2713 ,ρο

511 2748 595 2814 11
790 2748 1087 2812 Excessit
1140 2751 1207 2811 in
1264 2749 1481 2812 eadem
1541 2771 1668 2831 qua
1725 2755 1910 2834 pater
1964 2751 2121 2814 uilla
2180 2749 2268 2813 Id.
2319 2747 2491 2834 Sept.
2539 2753 2690 2833 post
2735 2749 2914 2812 bien-

613 2857 789 2920 nium
856 2877 929 2919 ac
988 2877 1236 2918 menses
1295 2854 1457 2920 duos
1520 2855 1783 2938 diesque
1831 2855 1948 2918 XX
2009 2878 2198 2939 quam
2266 2861 2659 2921 successerat
2719 2857 2911 2940 patri,

760 3020 785 3066 1
828 3015 983 3081 Epit.
1017 3019 1100 3078 10,
1122 3018 1187 3066 11
1226 3012 1456 3066 fratrem
1496 3030 1719 3081 quoque
1753 3013 2135 3066 Domitianum
2165 3016 2461 3080 parantem
2500 3014 2734 3066 insidias
2763 3012 2911 3065 mili-

614 3099 844 3162 tumque
885 3094 1099 3146 animos
1138 3092 1535 3146 sollicitantem
1575 3093 1714 3146 flens
1752 3094 1976 3162 saepius
2014 3094 2328 3146 obtestatus
2368 3098 2471 3160 est,
2509 3109 2578 3146 ne
2608 3093 2910 3161 parricidio

614 3173 845 3242 adsequi
879 3176 1124 3242 cuperet,
1159 3173 1308 3240 quod
1338 3175 1395 3225 et
1425 3190 1481 3224 se
1509 3173 1736 3226 uolente
1771 3175 1919 3225 esset
1948 3173 2320 3226 obucnturum
2349 3174 2400 3227 ei
2432 3177 2489 3228 et
2517 3174 2630 3226 iam
2660 3173 2911 3239 haberet,

617 3272 741 3308 cum
780 3255 855 3306 sit
881 3255 1163 3321 particeps
1194 3254 1511 3321 potestatis.
1663 3258 1691 3304 7
1732 3255 1966 3320 Eutrop.
2011 3255 2131 3307 VII
2159 3257 2251 3318 22,
2271 3259 2301 3307 1
2343 3269 2444 3321 per
2470 3254 2609 3308 haec
2639 3253 2910 3306 inusitato

614 3335 809 3388 fauore
840 3333 1078 3387 dilectus
1109 3334 1292 3402 periit.
1436 3339 1495 3385 11
1540 3335 1696 3400 Epit.
1731 3339 1817 3398 10,
1841 3339 1907 3386 15
1947 3332 2090 3385 febri
2122 3334 2336 3387 interiit
2365 3335 2580 3403 (Victor
2603 3335 2751 3388 Caes.
2776 3338 2912 3397 10,5

615 3417 867 3480 ueneno).
1033 3420 1097 3467 13
1146 3417 1353 3467 Auson.
1384 3417 1567 3478 271‚3
1616 3431 1784 3465 unum
1826 3412 2016 3466 dixisti
2058 3414 2297 3467 moriens
2335 3416 2392 3466 te
2433 3415 2641 3468 crimen
2679 3413 2910 3467 habere:

618 3493 715 3546 sed
754 3493 895 3546 nulli
936 3495 1005 3548 de
1042 3497 1116 3559 te,
1155 3511 1255 3546 nec
1290 3493 1394 3546 tibi.
1427 3493 1780 3546 credidimus
1930 3498 1992 3544 21
2038 3495 2271 3562 Eutrop.
2315 3496 2435 3547 VII
2463 3497 2557 3558 22,
2588 3499 2616 3546 1
2658 3493 2826 3562 periit
2855 3494 2914 3545 in

618 3589 700 3640 ea,
740 3589 852 3640 qua
890 3577 1067 3641 pater,
1105 3573 1246 3626 uilla
1284 3576 1412 3642 post
1449 3573 1737 3626 biennium
1767 3577 1824 3626 et
1851 3589 2068 3626 menses
2097 3575 2222 3626 octo
2254 3574 2415 3640 (duos
2446 3576 2754 3641 Emann),
2793 3573 2914 3626 dies

619 3653 927 3721 (diesque22)
965 3654 1198 3721 uiginti,
1239 3669 1408 3720 quam
1447 3653 1754 3721 imperator
1792 3657 1911 3706 erat
1949 3653 2160 3718 sactus,
2209 3654 2414 3708 aetatis
2452 3669 2599 3706 anno
2637 3654 2818 3706 altero
2857 3657 2918 3706 et

618 3733 1066 3801 quadragesimo.
1137 3734 1268 3786 Vict.
1305 3735 1451 3786 Caes.
1484 3741 1570 3798 10,
1593 3739 1624 3786 5
1665 3733 1893 3786 biennio
1931 3737 2060 3802 post
2099 3751 2164 3786 ac
2201 3750 2420 3789 menses
2459 3734 2576 3788 fere
2604 3750 2805 3786 nouem

620 3813 836 3866 interiit
874 3830 1017 3865 anno
1056 3811 1184 3866 aeui
1230 3813 1677 3882 quadragesimo.
1756 3815 1908 3882 Epit.
1945 3820 2027 3878 10,
2052 3820 2079 3866 1
2130 3813 2431 3883 imperauit
2467 3831 2641 3866 annos
2679 3812 2817 3866 duos
2857 3815 2915 3868 et

617 3909 834 3948 menses
875 3892 1013 3946 duos
1054 3893 1283 3960 diesque
1324 3893 1545 3963 uiginti.
1624 3899 1710 3958 10,
1743 3900 1799 3946 15
1838 3893 1984 3946 uixit
2020 3911 2193 3948 annos
2232 3894 2614 3963 quadraginta
2649 3911 2822 3946 unum
2857 3895 2916 3948 et

762 4043 792 4090 3
830 4037 1124 4089 imminore
1157 4037 1242 4101 M,
1280 4035 1608 4089 imminuere
1655 4038 1704 4088 Τ
1830 4037 2035 4090 habere
2073 4053 2173 4090 om.
2202 4039 2251 4088 Y
2391 4043 2422 4089 5
2461 4035 2739 4106 precipib:
2775 4037 2849 4090 M

619 4118 864 4170 lacrimis
895 4119 952 4170 et
984 4116 1243 4185 precibus
1273 4119 1319 4168 Τ
1344 4117 1535 4186 (uuly.)
1683 4121 1714 4167 6
1752 4118 1969 4168 mutato
2003 4117 2196 4170 Madd.
2346 4120 2412 4169 10
2449 4115 2744 4185 aufegerat
2775 4117 2850 4169 M

624 4206 681 4250 11
726 4197 939 4252 febrem
973 4199 1022 4250 G
1052 4199 1151 4264 (sic
1192 4197 1325 4250 Otho
1356 4201 1389 4250 6
1412 4199 1482 4265 Ω)
1628 4201 1692 4247 1⁶2
1733 4194 1961 4263 pallulis
1994 4197 2224 4260 2111,sz
2261 4195 2510 4265 palludis
2545 4196 2614 4260 G,
2652 4195 2914 4264 paludib3

628 4281 693 4344 Τ,
750 4277 1165 4345 paludamentis
1206 4277 1466 4344 (palude-
1511 4278 1572 4344 Ο)
1618 4276 1763 4330 OST
1793 4283 1840 4328 et
1880 4297 1912 4335 ς
1941 4277 2201 4344 plurimi,
2258 4275 2502 4344 pellibus
2541 4277 2630 4330 uel
2665 4273 2916 4344 palliolis

624 4361 707 4413 uel
753 4358 998 4427 plagulis
1046 4359 1133 4412 uel
1179 4356 1368 4425 palliis
1407 4359 1627 4423 ale-'aque
1668 4358 1726 4408 in
1773 4359 2160 4411 recentioribus
2199 4360 2270 4424 (u.
2303 4357 2492 4410 Herm.
2524 4359 2598 4408 36
2627 4373 2685 4423 p.
2719 4361 2821 4408 301
2837 4373 2912 4423 sq.

621 4444 693 4491 37
723 4457 780 4507 p.
814 4442 941 4504 55¹0)
1090 4443 1153 4490 13
1195 4441 1529 4504 conquestus
1570 4441 1654 4488 est
1693 4437 1758 4490 Η
1913 4444 1974 4490 14
2015 4437 2250 4490 existere
2293 4439 2342 4491 G
2501 4435 2714 4488 factum
2753 4451 2914 4488 suum

628 4520 822 4572 POST
959 4518 1297 4585 paenitendo
1340 4518 1509 4572 MRs
1547 4525 1597 4570 et
1626 4535 1732 4584 pro
1772 4533 1823 4568 u.
1867 4518 1899 4569 l.
1941 4517 2048 4581 11²,
2101 4517 2254 4584 quod
2291 4515 2400 4569 sibi
2439 4517 2585 4569 esset
2621 4514 2918 4584 paeniten-

623 4599 755 4649 dum
796 4599 861 4649 H
1039 4604 1101 4649 16
1143 4597 1412 4649 succurrit
1454 4596 1688 4650 GHRS²
