3259 5209
646 434 733 497 62
1348 432 1405 489 Ο.
1444 432 1762 488 SVETONI
1798 434 2245 500 TRANQVILLI

646 703 810 768 dam.
900 702 1125 767 Parthi
1174 724 1428 787 quoque
1475 707 1540 767 et
1576 702 1948 769 Armeniam
1997 703 2352 768 uindicanti
2391 704 2580 769 facile
2618 707 2946 769 cesseruni

645 813 710 873 et
757 810 943 895 signa
989 809 1321 893 militaria,
1377 832 1539 894 quae
1586 810 1671 874 M.
1714 810 1944 875 Crasso
1991 815 2055 875 et
2101 810 2187 875 M.
2226 811 2516 875 Antonio
2564 812 2955 893 ademerant,

647 918 1009 1000 reposcenti
1047 916 1461 980 reddiderunt
1498 917 1884 1001 obsidesque
1931 920 2197 1001 insuper
2233 919 2626 1002 optulerunt,
2674 917 2954 1001 denique

647 1023 945 1106 pluribus
994 1024 1319 1106 quondam
1365 1024 1441 1087 de
1489 1044 1688 1110 regno
1737 1025 2280 1108 concertantibus,
2324 1046 2459 1088 non
2495 1024 2624 1090 nisi
2671 1023 2753 1087 ab
2803 1024 2952 1107 ipso
3015 1052 3044 1089 5

647 1130 923 1194 electum
967 1130 1420 1214 probauerunt.

540 1235 627 1299 22
826 1236 1054 1301 Ianum
1093 1236 1429 1314 Quirinum
1478 1237 1675 1301 semel
1721 1240 1916 1321 atque
1955 1236 2191 1301 iterum
2229 1259 2267 1300 a
2304 1236 2563 1301 condita
2601 1236 2762 1300 urbe
2799 1240 2956 1299 ante

646 1344 1021 1408 memoriam
1078 1366 1261 1408 suam
1318 1344 1605 1407 clausum
1662 1342 1731 1407 in
1779 1344 1987 1407 multo
2035 1343 2331 1407 breuiore
2375 1342 2688 1427 temporis
2733 1342 2952 1427 spatio

646 1454 820 1514 terra
867 1451 1156 1535 marique
1202 1472 1357 1534 pace
1404 1455 1589 1535 parta
1637 1454 1737 1514 ter
1783 1450 1994 1515 clusit.
2079 1450 2180 1515 bis
2228 1472 2430 1515 ouans
2475 1451 2804 1536 ingressus
2851 1454 2954 1513 est

648 1556 891 1641 urbem,
937 1562 1087 1642 post
1132 1557 1551 1641 Philippense
1597 1562 1662 1620 et
1709 1578 1929 1621 rursus
1973 1561 2127 1641 post
2175 1556 2463 1622 Siculum
2511 1556 2771 1621 bellum.
2847 1578 2954 1619 cu·
2987 1584 3043 1623 ιο

648 1664 807 1728 rulis
854 1663 1216 1747 triumphos
1272 1662 1391 1726 tris
1444 1664 1606 1747 egit,
1654 1662 2112 1747 Delmaticum,
2160 1662 2526 1747 Actiacum,
2552 1662 2954 1727 Alexandri-

648 1792 823 1853 num,
870 1770 1177 1833 continuo
1225 1768 1443 1833 triduo
1490 1791 1730 1833 omneS.

541 1873 630 1938 ‘23
826 1876 1073 1942 Graues
1110 1875 1499 1962 ignominias
1538 1875 1876 1959 cladesque
1915 1875 2074 1939 duas
2113 1876 2374 1940 omnino
2411 1897 2530 1939 nec
2568 1874 2723 1940 alibi
2755 1898 2951 1959 quam

648 1984 717 2047 in
766 1982 1107 2048 Germania
1153 1982 1417 2066 accepit,
1465 1981 1828 2057 Lollianam
1884 1987 1949 2045 et
1995 1981 2372 2065 Varianam,
2428 1984 2539 2046 sed
2584 1982 2950 2046 Lollianam

649 2088 911 2153 maioris
974 2088 1275 2153 infamiae
1341 2110 1531 2171 quam
1599 2087 1993 2173 detrimenti,
2046 2088 2397 2153 Varianam
2460 2109 2662 2172 paene
2727 2088 2948 2152 exitia·
2986 2116 3039 2156 15

649 2196 846 2260 bilem
894 2196 1107 2259 tribus
1151 2194 1517 2282 legionibus
1576 2216 1720 2258 cum
1770 2195 1927 2259 duce
1984 2196 2342 2282 legatisque
2398 2198 2462 2258 et
2509 2195 2770 2259 auxiliis
2817 2216 2948 2257 om·

650 2301 843 2365 nibus
900 2304 1119 2365 caesis.
1202 2303 1322 2365 hac
1379 2303 1680 2366 nuntiata
1743 2301 2046 2366 excubias
2101 2324 2216 2386 per
2271 2302 2494 2366 urbem
2551 2302 2815 2385 indixit,
2867 2322 2950 2365 ne

652 2406 794 2489 quis
850 2407 1170 2471 tumultus
1226 2409 1553 2493 existeret,
1607 2412 1673 2472 et
1729 2407 2132 2492 praesidibus
2187 2410 2666 2491 prouinciarum
2720 2430 2953 2491 propa—

652 2512 833 2596 gauit
874 2510 1245 2599 imperium,
1301 2516 1374 2578 ut
1422 2538 1459 2578 a
1512 2514 1738 2598 peritis
1794 2517 1858 2578 et
1907 2514 2182 2578 assuetis
2240 2514 2397 2578 socii
2447 2514 2948 2578 continerentur.

580 2634 611 2681 2
650 2618 836 2682 uouit
900 2622 963 2682 et
1028 2642 1299 2706 magnos
1365 2621 1551 2685 ludos
1614 2618 1759 2685 Ioui
1827 2619 2090 2705 Optimo
2147 2620 2458 2703 MaximO,
2519 2619 2574 2683 si
2625 2642 2726 2684 res
2773 2643 2833 2704 p.
2882 2620 2953 2684 in
2981 2650 3038 2689 20

652 2723 980 2789 meliorem
1027 2730 1267 2791 statum
1305 2729 1631 2792 uertisset:
1681 2729 1853 2810 quod
1899 2728 2140 2791 factum
2180 2725 2502 2792 Cimbrico
2541 2724 2950 2810 Marsicoque

654 2829 823 2895 bello
872 2837 1026 2897 erat.
1110 2834 1266 2898 adeo
1315 2834 1586 2917 denique
1635 2837 2117 2899 consternatum
2165 2834 2408 2918 ferunt,
2467 2838 2540 2898 ut
2586 2855 2702 2918 per
2747 2835 2951 2898 conti-

647 596 728 660 ad
774 598 1125 661 amicitiam
1174 619 1358 661 suam
1397 597 1750 681 populique
1788 597 1976 662 Rom.
2051 598 2224 661 ultro
2274 620 2388 682 per
2433 598 2684 685 legatos
2732 602 2962 681 peten-
3233 533 3258 748 ¹

3257 2196 3259 2251 Ι

650 3078 751 3131 pes
788 3062 1006 3131 legatos
1045 3079 1171 3115 cum
1210 3060 1372 3115 donis
1409 3062 1696 3115 miserunt.
1772 3063 1841 3128 cf.
1879 3062 2028 3116 Or08.
2073 3064 2158 3116 VI
2178 3067 2277 3127 21,
2310 3067 2393 3116 19.
2413 3066 2490 3117 20
2537 3062 2651 3117 Vir.
2681 3062 2759 3115 ill.
2795 3066 2948 3128 79,5

650 3142 1015 3196 Einhard.16
1159 3147 1189 3194 2
1231 3143 1465 3209 Eum-op.
1500 3143 1622 3195 VII
1643 3146 1678 3195 9
1714 3142 2038 3196 Armeniam
2076 3157 2110 3193 a
2148 3142 2371 3195 Parthis
2407 3143 2636 3211 recepit.
2704 3141 2950 3209 obsides,

651 3222 803 3287 quod
830 3220 974 3275 nulli
1004 3224 1190 3288 antea,
1219 3221 1421 3274 Persae
1452 3220 1501 3273 ei
1532 3221 1822 3275 dederunt.
1881 3222 2250 3275 reddiderunt
2279 3222 2452 3275 etiam
2481 3222 2646 3291 signa.
2673 3222 2950 3290 Romana,

652 3318 800 3369 quae
839 3301 1035 3355 Crasso
1083 3303 1236 3355 uicto
1275 3301 1616 3355 ademerant.
1693 3304 1848 3370 Epit.
1882 3308 1932 3367 1,
1961 3310 1998 3355 ὅ
2035 3301 2167 3355 111116
2213 3302 2418 3357 Persae
2463 3302 2688 3356 obsides
2727 3302 2951 3357 obtule-

650 3385 783 3434 runt
820 3382 1157 3449 creandique
1203 3397 1363 3451 reges
1410 3381 1707 3435 arbitrium
1743 3383 2132 3451 permiserunt.
2212 3384 2362 3437 Oros.
2404 3384 2494 3436 VI
2519 3387 2611 3450 21,
2638 3386 2715 3437 29
2752 3382 2952 3437 Parthi

767 3459 914 3516 ultro
954 3463 1143 3530 signa,
1181 3478 1327 3527 quae
1366 3461 1560 3515 Crasso
1598 3461 1895 3516 interfecto
1935 3461 2300 3527 abstulerant,
2341 3463 2415 3516 ad
2453 3462 2746 3516 Caesarem
2783 3464 2952 3516 remi-

654 3543 847 3594 serunt
892 3543 1175 3611 regiisque
1222 3541 1513 3595 obsidibus
1558 3541 1786 3595 traditis
1834 3543 2052 3594 firmum
2099 3542 2296 3596 foedus
2345 3541 2497 3596 fideli
2535 3541 2952 3611 supplicatione

652 3628 989 3675 meruerunt.
1047 3623 1116 3688 cf.
1160 3624 1271 3677 Vir.
1302 3624 1381 3675 ill.
1413 3628 1499 3687 79,
1521 3628 1555 3675 4
1721 3629 1748 3674 7
1801 3624 1934 3677 Vict.
1968 3624 2114 3677 Caes.
2147 3629 2197 3690 1,
2228 3627 2262 3675 3
2297 3622 2500 3675 tertius
2536 3625 2668 3691 post
2703 3622 2950 3676 Numam

653 3701 808 3756 uicto
848 3703 1094 3756 Antonio
1132 3702 1331 3755 Ianum
1368 3701 1649 3756 clauserit.
1731 3704 1879 3757 Oroa
1925 3704 2011 3756 VI
2037 3706 2128 3769 22,
2160 3708 2190 3756 1
2229 3702 2350 3756 Iani
2387 3705 2580 3771 portas
2617 3702 2788 3757 tertio
2825 3701 2950 3772 ipse

653 3785 789 3835 tunc
829 3782 1048 3836 clausit.
1106 3784 1175 3848 cf.
1219 3784 1330 3836 Ver.
1363 3785 1441 3836 in.
1484 3788 1571 3849 79,
1602 3788 1638 3836 6
1783 3788 1850 3834 22
1891 3782 2045 3850 Epic.
2079 3788 2138 3847 1,
2168 3787 2239 3835 13
2291 3782 2442 3849 quod
2487 3782 2548 3835 in
2593 3784 2818 3835 tantum
2857 3798 2949 3836 ac—

653 3862 858 3915 cidisse
904 3860 1216 3929 perdoluit,
1274 3864 1338 3915 ut
1383 3862 1597 3915 cerebri
1641 3862 1835 3916 ualido
1882 3861 2107 3915 incursu
2163 3862 2440 3931 parietem
2491 3863 2745 3931 pulsaret
2787 3866 2950 3917 ueste

654 3941 973 4011 capilloque
1030 3958 1095 3995 ao
1148 3941 1382 4010 reliquis
1427 3942 1745 4011 lugentium
1801 3942 2028 3995 indiciis
2086 3941 2367 3996 deformis,
2448 3943 2596 3997 Ονοε.
2640 3944 2726 3997 VI
2753 3946 2846 4007 21,
2874 3946 2950 3996 27

653 4038 823 4089 quam
869 4021 952 4075 rei
988 4021 1253 4090 publicae
1301 4021 1635 4077 cladem
1669 4022 1809 4075 adeo
1856 4022 2109 4091 grauiter
2155 4021 2315 4089 tulit,
2364 4025 2430 4076 ut
2475 4038 2646 4091 saepe
2690 4038 2792 4090 per
2830 4022 2944 4075 uim

654 4103 862 4156 doloris
904 4104 1076 4171 caput
1111 4102 1319 4171 parieti
1357 4101 1646 4156 conlidens
1676 4102 1970 4156 clamaret:
2015 4102 2253 4165 Quintili
2282 4101 2446 4169 Vare,
2475 4102 2648 4155 redde
2677 4100 2947 4171 legiones.

795 4324 824 4370 2
866 4315 1103 4370 armenii
1140 4315 1243 4385 (-ni
1278 4316 1351 4385 T)
1386 4315 1505 4369 GT
1643 4320 1673 4366 3
1714 4315 2044 4368 ademerunt
2073 4319 2130 4367 X
2161 4320 2292 4384 (re-on
2329 4316 2398 4383 T)
2545 4320 2576 4367 ὅ
2613 4315 2762 4385 ipso]
2801 4329 2867 4367 eo
2895 4316 2955 4366 X

654 4404 681 4451 7
714 4415 747 4451 a
776 4415 876 4451 om.
910 4397 1035 4451 MG
1049 4396 1254 4451 VL¹P¹
1294 4396 1440 4464 (add.
1473 4394 1670 4463 L³P²>,
1712 4413 1882 4463 neque
1911 4396 2048 4449 addi
2075 4413 2278 4449 necesse
2305 4396 2528 4449 uidetur
2671 4398 2702 4447 9
2742 4394 2948 4447 clausit

651 4478 941 4532 HRP²ST
965 4479 1053 4545 (cf.
1078 4479 1234 4531 Mon.
1258 4478 1464 4546 Ancyr.
1487 4478 1560 4529 II
1582 4480 1655 4528 42
1673 4478 1805 4543 sqq.)
1931 4482 1995 4529 13
2026 4492 2195 4543 quam
2225 4483 2273 4530 et
2303 4482 2416 4528 tum
2444 4474 2760 4528 Lollianam
2779 4490 2948 4542 usque

651 4558 750 4612 sed
770 4576 872 4613 om.
905 4559 957 4611 V
1088 4564 1151 4610 14
1193 4556 1289 4609 sed
1327 4573 1427 4610 om.
1462 4556 1593 4625 11¹9
1732 4560 1796 4607 18
1827 4556 2155 4624 prorogauit
2185 4573 2217 4615 ς
2345 4560 2414 4608 ‘20
2450 4571 2568 4608 rem
2592 4573 2646 4623 p.
2666 4556 2727 4621 T,
2755 4570 2798 4607 r.
2817 4571 2874 4622 p.
2904 4554 2955 4607 T
