<?xml version="1.0" encoding="UTF-8"?>
<!DOCTYPE html PUBLIC "-//W3C//DTD XHTML 1.0 Transitional//EN"
    "http://www.w3.org/TR/xhtml1/DTD/xhtml1-transitional.dtd">
<html xmlns="http://www.w3.org/1999/xhtml" xml:lang="en" lang="en">
 <head>
  <title>
</title>
<meta http-equiv="Content-Type" content="text/html;charset=utf-8" />
  <meta name='ocr-system' content='tesseract 3.04.00' />
  <meta name='ocr-capabilities' content='ocr_page ocr_carea ocr_par ocr_line ocrx_word'/>
</head>
<body>
  <div class='ocr_page' id='page_1' title='image "./csuetoniitranqu00ihmgoog_0148.png"; bbox 0 0 3259 5209; ppageno 0'>
   <div class='ocr_carea' id='block_1_1' title="bbox 622 452 2212 525">
    <p class='ocr_par' dir='ltr' id='par_1_1' title="bbox 622 452 2212 525">
     <span class='ocr_line' id='line_1_1' title="bbox 622 452 2212 525; baseline -0.008 0"><span class='ocrx_word' id='word_1_1' title='bbox 622 452 705 525; x_wconf 78' lang='lat'>76</span> <span class='ocrx_word' id='word_1_2' title='bbox 1319 461 1374 515; x_wconf 81' lang='lat' dir='ltr'>c,</span> <span class='ocrx_word' id='word_1_3' title='bbox 1416 460 1732 515; x_wconf 72' lang='lat' dir='ltr'>svsrom</span> <span class='ocrx_word' id='word_1_4' title='bbox 1767 460 2212 525; x_wconf 78' lang='lat' dir='ltr'><strong>TRANQVJLLI</strong></span> 
     </span>
    </p>
   </div>
   <div class='ocr_carea' id='block_1_2' title="bbox 512 622 3006 3587">
    <p class='ocr_par' dir='ltr' id='par_1_2' title="bbox 620 622 2918 815">
     <span class='ocr_line' id='line_1_2' title="bbox 622 622 2918 707; baseline -0 -19"><span class='ocrx_word' id='word_1_5' title='bbox 622 646 695 689; x_wconf 90' lang='lat' dir='ltr'>ac</span> <span class='ocrx_word' id='word_1_6' title='bbox 741 624 883 689; x_wconf 86' lang='lat' dir='ltr'>uisa</span> <span class='ocrx_word' id='word_1_7' title='bbox 930 624 1253 707; x_wconf 91' lang='lat' dir='ltr'>quondam</span> <span class='ocrx_word' id='word_1_8' title='bbox 1298 646 1417 707; x_wconf 85' lang='lat' dir='ltr'>pro</span> <span class='ocrx_word' id='word_1_9' title='bbox 1468 625 1769 689; x_wconf 86' lang='lat' dir='ltr'>contione</span> <span class='ocrx_word' id='word_1_10' title='bbox 1813 622 2208 707; x_wconf 86' lang='lat' dir='ltr'>pullatorum</span> <span class='ocrx_word' id='word_1_11' title='bbox 2253 622 2446 688; x_wconf 90' lang='lat' dir='ltr'>turba</span> <span class='ocrx_word' id='word_1_12' title='bbox 2490 623 2918 707; x_wconf 84' lang='lat' dir='ltr'>indignabun-</span> 
     </span>
     <span class='ocr_line' id='line_1_3' title="bbox 620 731 2158 815; baseline 0.001 -21"><span class='ocrx_word' id='word_1_13' title='bbox 620 732 739 795; x_wconf 85' lang='lat' dir='ltr'>dus</span> <span class='ocrx_word' id='word_1_14' title='bbox 785 735 879 808; x_wconf 47' lang='lat' dir='ltr'>et·</span> <span class='ocrx_word' id='word_1_15' title='bbox 899 732 1259 797; x_wconf 88' lang='lat' dir='ltr'>clamitans:</span> <span class='ocrx_word' id='word_1_16' title='bbox 1308 752 1396 795; x_wconf 89' lang='lat' dir='ltr'>en</span> <span class='ocrx_word' id='word_1_17' title='bbox 1442 732 1670 815; x_wconf 58' lang='lat' dir='ltr'>&lt;Vera</span> <span class='ocrx_word' id='word_1_18' title='bbox 1707 731 1865 795; x_wconf 76' lang='lat' dir='ltr'>Aen.</span> <span class='ocrx_word' id='word_1_19' title='bbox 1907 731 1952 795; x_wconf 95' lang='grc' dir='ltr'><em>Ι</em></span> <span class='ocrx_word' id='word_1_20' title='bbox 1979 732 2158 813; x_wconf 78' lang='lat'><em>282&gt;</em></span> 
     </span>
    </p>

    <p class='ocr_par' dir='ltr' id='par_1_3' title="bbox 619 836 3004 1137">
     <span class='ocr_line' id='line_1_4' title="bbox 762 836 2779 923; baseline -0.001 -22"><span class='ocrx_word' id='word_1_21' title='bbox 762 836 1172 920; x_wconf 73' lang='lat' dir='ltr'>Romanos,</span> <span class='ocrx_word' id='word_1_22' title='bbox 1207 860 1454 902; x_wconf 87' lang='lat' dir='ltr'>rerum</span> <span class='ocrx_word' id='word_1_23' title='bbox 1494 838 1870 921; x_wconf 76' lang='lat' dir='ltr'>dominOS,</span> <span class='ocrx_word' id='word_1_24' title='bbox 1909 842 2372 921; x_wconf 79' lang='lat' dir='ltr'>gentemque</span> <span class='ocrx_word' id='word_1_25' title='bbox 2409 836 2779 923; x_wconf 83' lang='lat' dir='ltr'>togatam!</span> 
     </span>
     <span class='ocr_line' id='line_1_5' title="bbox 619 934 2916 1028; baseline -0.001 -21"><span class='ocrx_word' id='word_1_26' title='bbox 619 944 953 1028; x_wconf 86' lang='lat' dir='ltr'>negotium</span> <span class='ocrx_word' id='word_1_27' title='bbox 1000 943 1311 1008; x_wconf 89' lang='lat' dir='ltr'>aedilibus</span> <span class='ocrx_word' id='word_1_28' title='bbox 1349 944 1543 1027; x_wconf 87' lang='lat' dir='ltr'>dedit,</span> <span class='ocrx_word' id='word_1_29' title='bbox 1588 966 1672 1009; x_wconf 91' lang='lat' dir='ltr'>ne</span> <span class='ocrx_word' id='word_1_30' title='bbox 1709 966 1900 1028; x_wconf 89' lang='lat' dir='ltr'>quem</span> <span class='ocrx_word' id='word_1_31' title='bbox 1939 944 2211 1028; x_wconf 88' lang='lat' dir='ltr'>posthac</span> <span class='ocrx_word' id='word_1_32' title='bbox 2245 934 2622 1027; x_wconf 79' lang='lat' dir='ltr'>paterentur</span> <span class='ocrx_word' id='word_1_33' title='bbox 2665 943 2736 1006; x_wconf 90' lang='lat' dir='ltr'>in</span> <span class='ocrx_word' id='word_1_34' title='bbox 2771 943 2916 1007; x_wconf 88' lang='lat' dir='ltr'>foro</span> 
     </span>
     <span class='ocr_line' id='line_1_6' title="bbox 620 1050 3004 1137; baseline 0.001 -23"><span class='ocrx_word' id='word_1_35' title='bbox 620 1051 868 1115; x_wconf 80' lang='lat' dir='ltr'>circaue</span> <span class='ocrx_word' id='word_1_36' title='bbox 913 1050 1039 1114; x_wconf 76' lang='lat' dir='ltr'>nini</span> <span class='ocrx_word' id='word_1_37' title='bbox 1086 1051 1317 1134; x_wconf 89' lang='lat' dir='ltr'>positis</span> <span class='ocrx_word' id='word_1_38' title='bbox 1361 1052 1635 1115; x_wconf 81' lang='lat' dir='ltr'>lacernis</span> <span class='ocrx_word' id='word_1_39' title='bbox 1680 1053 1976 1137; x_wconf 86' lang='lat' dir='ltr'>togatum</span> <span class='ocrx_word' id='word_1_40' title='bbox 2025 1052 2388 1115; x_wconf 84' lang='lat' dir='ltr'>consistere.</span> <span class='ocrx_word' id='word_1_41' title='bbox 2951 1062 3004 1117; x_wconf 71' lang='lat' dir='ltr'>‘s</span> 
     </span>
    </p>

    <p class='ocr_par' dir='ltr' id='par_1_4' title="bbox 514 1154 3006 1989">
     <span class='ocr_line' id='line_1_7' title="bbox 514 1154 2919 1243; baseline 0 -22"><span class='ocrx_word' id='word_1_42' title='bbox 514 1154 600 1222; x_wconf 83' lang='lat'>41</span> <span class='ocrx_word' id='word_1_43' title='bbox 796 1156 1277 1223; x_wconf 73' lang='lat' dir='ltr'>Liberalitatem</span> <span class='ocrx_word' id='word_1_44' title='bbox 1326 1157 1623 1222; x_wconf 90' lang='lat' dir='ltr'>omnibus</span> <span class='ocrx_word' id='word_1_45' title='bbox 1672 1158 2006 1223; x_wconf 82' lang='lat' dir='ltr'>ordinibus</span> <span class='ocrx_word' id='word_1_46' title='bbox 2051 1180 2170 1243; x_wconf 91' lang='lat' dir='ltr'>per</span> <span class='ocrx_word' id='word_1_47' title='bbox 2215 1156 2581 1222; x_wconf 69' lang='lat' dir='ltr'>occasiones</span> <span class='ocrx_word' id='word_1_48' title='bbox 2621 1156 2919 1239; x_wconf 87' lang='lat' dir='ltr'>frequen·</span> 
     </span>
     <span class='ocr_line' id='line_1_8' title="bbox 618 1260 2916 1346; baseline -0 -19"><span class='ocrx_word' id='word_1_49' title='bbox 618 1270 717 1327; x_wconf 87' lang='lat' dir='ltr'>ter</span> <span class='ocrx_word' id='word_1_50' title='bbox 789 1264 1094 1329; x_wconf 83' lang='lat' dir='ltr'>exhibuit.</span> <span class='ocrx_word' id='word_1_51' title='bbox 1187 1286 1337 1328; x_wconf 90' lang='lat' dir='ltr'>nam</span> <span class='ocrx_word' id='word_1_52' title='bbox 1402 1269 1467 1329; x_wconf 89' lang='lat' dir='ltr'>et</span> <span class='ocrx_word' id='word_1_53' title='bbox 1538 1265 1795 1329; x_wconf 89' lang='lat' dir='ltr'>inuecta</span> <span class='ocrx_word' id='word_1_54' title='bbox 1859 1264 2005 1328; x_wconf 87' lang='lat' dir='ltr'>urbi</span> <span class='ocrx_word' id='word_1_55' title='bbox 2068 1263 2506 1328; x_wconf 84' lang='lat' dir='ltr'>Alexandrino</span> <span class='ocrx_word' id='word_1_56' title='bbox 2581 1260 2916 1346; x_wconf 84' lang='lat' dir='ltr'>triumpho</span> 
     </span>
     <span class='ocr_line' id='line_1_9' title="bbox 617 1360 2917 1456; baseline -0.001 -21"><span class='ocrx_word' id='word_1_57' title='bbox 617 1371 798 1456; x_wconf 87' lang='lat' dir='ltr'>regia</span> <span class='ocrx_word' id='word_1_58' title='bbox 846 1393 1001 1456; x_wconf 85' lang='lat' dir='ltr'>gaza</span> <span class='ocrx_word' id='word_1_59' title='bbox 1054 1375 1302 1436; x_wconf 87' lang='lat' dir='ltr'>tantam</span> <span class='ocrx_word' id='word_1_60' title='bbox 1359 1372 1609 1456; x_wconf 85' lang='lat' dir='ltr'>copiam</span> <span class='ocrx_word' id='word_1_61' title='bbox 1657 1370 2054 1437; x_wconf 87' lang='lat' dir='ltr'>nummariae</span> <span class='ocrx_word' id='word_1_62' title='bbox 2102 1360 2193 1435; x_wconf 83' lang='lat' dir='ltr'>rei</span> <span class='ocrx_word' id='word_1_63' title='bbox 2242 1370 2479 1453; x_wconf 86' lang='lat' dir='ltr'>effecit,</span> <span class='ocrx_word' id='word_1_64' title='bbox 2532 1374 2608 1434; x_wconf 93' lang='lat' dir='ltr'>ut</span> <span class='ocrx_word' id='word_1_65' title='bbox 2653 1370 2917 1434; x_wconf 85' lang='lat' dir='ltr'>faenore</span> 
     </span>
     <span class='ocr_line' id='line_1_10' title="bbox 619 1478 2920 1564; baseline -0.001 -23"><span class='ocrx_word' id='word_1_66' title='bbox 619 1478 949 1542; x_wconf 89' lang='lat' dir='ltr'>deminuto</span> <span class='ocrx_word' id='word_1_67' title='bbox 988 1478 1340 1562; x_wconf 87' lang='lat' dir='ltr'>plurimum</span> <span class='ocrx_word' id='word_1_68' title='bbox 1381 1499 1684 1564; x_wconf 79' lang='lat' dir='ltr'>agrorum</span> <span class='ocrx_word' id='word_1_69' title='bbox 1721 1478 1948 1562; x_wconf 90' lang='lat' dir='ltr'>pretiis</span> <span class='ocrx_word' id='word_1_70' title='bbox 1987 1479 2340 1562; x_wconf 87' lang='lat' dir='ltr'>accesserit,</span> <span class='ocrx_word' id='word_1_71' title='bbox 2377 1482 2442 1541; x_wconf 92' lang='lat' dir='ltr'>et</span> <span class='ocrx_word' id='word_1_72' title='bbox 2477 1480 2721 1561; x_wconf 80' lang='lat' dir='ltr'>postea,</span> <span class='ocrx_word' id='word_1_73' title='bbox 2762 1497 2920 1559; x_wconf 88' lang='lat' dir='ltr'>quo-</span> 
     </span>
     <span class='ocr_line' id='line_1_11' title="bbox 618 1584 3006 1670; baseline 0.001 -22"><span class='ocrx_word' id='word_1_74' title='bbox 618 1586 784 1649; x_wconf 88' lang='lat' dir='ltr'>tiens</span> <span class='ocrx_word' id='word_1_75' title='bbox 842 1606 917 1649; x_wconf 85' lang='lat' dir='ltr'>ex</span> <span class='ocrx_word' id='word_1_76' title='bbox 974 1585 1423 1650; x_wconf 89' lang='lat' dir='ltr'>damnatorum</span> <span class='ocrx_word' id='word_1_77' title='bbox 1478 1586 1666 1650; x_wconf 88' lang='lat' dir='ltr'>bonis</span> <span class='ocrx_word' id='word_1_78' title='bbox 1721 1587 1994 1669; x_wconf 89' lang='lat' dir='ltr'>pecunia</span> <span class='ocrx_word' id='word_1_79' title='bbox 2039 1586 2485 1670; x_wconf 85' lang='lat' dir='ltr'>superflueret,</span> <span class='ocrx_word' id='word_1_80' title='bbox 2538 1604 2728 1647; x_wconf 85' lang='lat' dir='ltr'>usum</span> <span class='ocrx_word' id='word_1_81' title='bbox 2777 1584 2918 1647; x_wconf 86' lang='lat' dir='ltr'>eius</span> <span class='ocrx_word' id='word_1_82' title='bbox 2951 1612 3006 1652; x_wconf 79' lang='grc' dir='ltr'>ιο</span> 
     </span>
     <span class='ocr_line' id='line_1_12' title="bbox 618 1692 2919 1779; baseline -0.001 -23"><span class='ocrx_word' id='word_1_83' title='bbox 618 1693 976 1779; x_wconf 85' lang='lat' dir='ltr'>gratuitum</span> <span class='ocrx_word' id='word_1_84' title='bbox 1022 1692 1121 1775; x_wconf 88' lang='lat' dir='ltr'>iis,</span> <span class='ocrx_word' id='word_1_85' title='bbox 1158 1692 1267 1775; x_wconf 91' lang='lat' dir='ltr'>qui</span> <span class='ocrx_word' id='word_1_86' title='bbox 1318 1714 1543 1757; x_wconf 89' lang='lat' dir='ltr'>cauere</span> <span class='ocrx_word' id='word_1_87' title='bbox 1589 1694 1659 1756; x_wconf 89' lang='lat' dir='ltr'>in</span> <span class='ocrx_word' id='word_1_88' title='bbox 1703 1692 1968 1776; x_wconf 89' lang='lat' dir='ltr'>duplum</span> <span class='ocrx_word' id='word_1_89' title='bbox 2007 1696 2292 1776; x_wconf 87' lang='lat' dir='ltr'>possent,</span> <span class='ocrx_word' id='word_1_90' title='bbox 2337 1692 2418 1755; x_wconf 87' lang='lat' dir='ltr'>ad</span> <span class='ocrx_word' id='word_1_91' title='bbox 2463 1694 2709 1755; x_wconf 88' lang='lat' dir='ltr'>certum</span> <span class='ocrx_word' id='word_1_92' title='bbox 2757 1694 2919 1754; x_wconf 85' lang='lat' dir='ltr'>tem-</span> 
     </span>
     <span class='ocr_line' id='line_1_13' title="bbox 615 1797 2918 1883; baseline -0 -21"><span class='ocrx_word' id='word_1_93' title='bbox 615 1819 739 1883; x_wconf 88' lang='lat' dir='ltr'>pus</span> <span class='ocrx_word' id='word_1_94' title='bbox 796 1798 1083 1863; x_wconf 89' lang='lat' dir='ltr'>indulsit.</span> <span class='ocrx_word' id='word_1_95' title='bbox 1166 1804 1535 1863; x_wconf 87' lang='lat' dir='ltr'>senatorum</span> <span class='ocrx_word' id='word_1_96' title='bbox 1592 1820 1852 1864; x_wconf 88' lang='lat' dir='ltr'>censum</span> <span class='ocrx_word' id='word_1_97' title='bbox 1907 1799 2246 1883; x_wconf 89' lang='lat' dir='ltr'>ampliauit</span> <span class='ocrx_word' id='word_1_98' title='bbox 2301 1820 2376 1863; x_wconf 87' lang='lat' dir='ltr'>ac</span> <span class='ocrx_word' id='word_1_99' title='bbox 2419 1819 2538 1882; x_wconf 86' lang='lat' dir='ltr'>pro</span> <span class='ocrx_word' id='word_1_100' title='bbox 2587 1797 2918 1882; x_wconf 82' lang='lat' dir='ltr'>octingen-</span> 
     </span>
     <span class='ocr_line' id='line_1_14' title="bbox 618 1894 2920 1989; baseline 0 -22"><span class='ocrx_word' id='word_1_101' title='bbox 618 1909 834 1969; x_wconf 89' lang='lat' dir='ltr'>torum</span> <span class='ocrx_word' id='word_1_102' title='bbox 882 1906 1133 1969; x_wconf 90' lang='lat' dir='ltr'>milium</span> <span class='ocrx_word' id='word_1_103' title='bbox 1182 1927 1433 1968; x_wconf 88' lang='lat' dir='ltr'>summa</span> <span class='ocrx_word' id='word_1_104' title='bbox 1476 1904 1815 1969; x_wconf 87' lang='lat' dir='ltr'>duodecies</span> <span class='ocrx_word' id='word_1_105' title='bbox 1855 1906 2220 1970; x_wconf 86' lang='lat' dir='ltr'>sestertium</span> <span class='ocrx_word' id='word_1_106' title='bbox 2265 1894 2516 1970; x_wconf 83' lang='lat' dir='ltr'>taxauit</span> <span class='ocrx_word' id='word_1_107' title='bbox 2561 1903 2920 1989; x_wconf 84' lang='lat' dir='ltr'>suppleuit—</span> 
     </span>
    </p>

    <p class='ocr_par' dir='ltr' id='par_1_5' title="bbox 549 2010 3000 2629">
     <span class='ocr_line' id='line_1_15' title="bbox 549 2010 2918 2097; baseline 0.003 -26"><span class='ocrx_word' id='word_1_108' title='bbox 549 2024 579 2071; x_wconf 84' lang='lat'>2</span> <span class='ocrx_word' id='word_1_109' title='bbox 620 2033 743 2094; x_wconf 92' lang='lat' dir='ltr'>que</span> <span class='ocrx_word' id='word_1_110' title='bbox 798 2034 929 2077; x_wconf 91' lang='lat' dir='ltr'>non</span> <span class='ocrx_word' id='word_1_111' title='bbox 982 2010 1387 2077; x_wconf 79' lang='lat' dir='ltr'>habentibus,</span> <span class='ocrx_word' id='word_1_112' title='bbox 1471 2013 1800 2097; x_wconf 87' lang='lat' dir='ltr'>congiaria</span> <span class='ocrx_word' id='word_1_113' title='bbox 1852 2014 2094 2096; x_wconf 87' lang='lat' dir='ltr'>populo</span> <span class='ocrx_word' id='word_1_114' title='bbox 2141 2014 2508 2095; x_wconf 86' lang='lat' dir='ltr'>frequenter</span> <span class='ocrx_word' id='word_1_115' title='bbox 2553 2012 2755 2095; x_wconf 87' lang='lat' dir='ltr'>dedit,</span> <span class='ocrx_word' id='word_1_116' title='bbox 2803 2011 2918 2077; x_wconf 90' lang='lat' dir='ltr'>sed</span> 
     </span>
     <span class='ocr_line' id='line_1_16' title="bbox 618 2118 3000 2204; baseline 0.001 -23"><span class='ocrx_word' id='word_1_117' title='bbox 618 2118 905 2183; x_wconf 88' lang='lat' dir='ltr'>diuersae</span> <span class='ocrx_word' id='word_1_118' title='bbox 958 2118 1093 2182; x_wconf 90' lang='lat' dir='ltr'>fere</span> <span class='ocrx_word' id='word_1_119' title='bbox 1159 2140 1469 2183; x_wconf 84' lang='lat' dir='ltr'>summae:</span> <span class='ocrx_word' id='word_1_120' title='bbox 1534 2118 1726 2182; x_wconf 88' lang='lat' dir='ltr'>modo</span> <span class='ocrx_word' id='word_1_121' title='bbox 1786 2119 2282 2204; x_wconf 79' lang='lat' dir='ltr'>quadringenOS,</span> <span class='ocrx_word' id='word_1_122' title='bbox 2347 2118 2539 2182; x_wconf 91' lang='lat' dir='ltr'>modo</span> <span class='ocrx_word' id='word_1_123' title='bbox 2604 2122 2918 2202; x_wconf 84' lang='lat' dir='ltr'>trecenos,</span> <span class='ocrx_word' id='word_1_124' title='bbox 2947 2144 3000 2184; x_wconf 67' lang='grc' dir='ltr'>ιι</span> 
     </span>
     <span class='ocr_line' id='line_1_17' title="bbox 616 2225 2920 2311; baseline -0 -22"><span class='ocrx_word' id='word_1_125' title='bbox 616 2246 1103 2308; x_wconf 89' lang='lat' dir='ltr'>nonnumquam</span> <span class='ocrx_word' id='word_1_126' title='bbox 1162 2226 1438 2291; x_wconf 89' lang='lat' dir='ltr'>ducenos</span> <span class='ocrx_word' id='word_1_127' title='bbox 1486 2226 2102 2311; x_wconf 86' lang='lat' dir='ltr'>quinquagenosque</span> <span class='ocrx_word' id='word_1_128' title='bbox 2155 2246 2482 2309; x_wconf 84' lang='lat' dir='ltr'>nummos3</span> <span class='ocrx_word' id='word_1_129' title='bbox 2541 2246 2616 2289; x_wconf 90' lang='lat' dir='ltr'>ac</span> <span class='ocrx_word' id='word_1_130' title='bbox 2669 2246 2752 2287; x_wconf 88' lang='lat' dir='ltr'>ne</span> <span class='ocrx_word' id='word_1_131' title='bbox 2799 2225 2920 2288; x_wconf 90' lang='lat' dir='ltr'>mi-</span> 
     </span>
     <span class='ocr_line' id='line_1_18' title="bbox 617 2329 2915 2417; baseline 0.001 -22"><span class='ocrx_word' id='word_1_132' title='bbox 617 2353 805 2395; x_wconf 90' lang='lat' dir='ltr'>nores</span> <span class='ocrx_word' id='word_1_133' title='bbox 847 2332 1103 2414; x_wconf 90' lang='lat' dir='ltr'>quidem</span> <span class='ocrx_word' id='word_1_134' title='bbox 1132 2355 1365 2415; x_wconf 85' lang='lat' dir='ltr'>pueros</span> <span class='ocrx_word' id='word_1_135' title='bbox 1404 2332 1752 2416; x_wconf 88' lang='lat' dir='ltr'>praeteriit,</span> <span class='ocrx_word' id='word_1_136' title='bbox 1799 2334 2095 2417; x_wconf 89' lang='lat' dir='ltr'>quamuis</span> <span class='ocrx_word' id='word_1_137' title='bbox 2133 2354 2265 2395; x_wconf 92' lang='lat' dir='ltr'>non</span> <span class='ocrx_word' id='word_1_138' title='bbox 2292 2331 2417 2395; x_wconf 90' lang='lat' dir='ltr'>nisi</span> <span class='ocrx_word' id='word_1_139' title='bbox 2454 2332 2534 2395; x_wconf 87' lang='lat' dir='ltr'>ab</span> <span class='ocrx_word' id='word_1_140' title='bbox 2573 2329 2915 2397; x_wconf 90' lang='lat' dir='ltr'>undecimo</span> 
     </span>
     <span class='ocr_line' id='line_1_19' title="bbox 618 2438 2914 2523; baseline 0.002 -22"><span class='ocrx_word' id='word_1_141' title='bbox 618 2438 845 2502; x_wconf 87' lang='lat' dir='ltr'>aetatis</span> <span class='ocrx_word' id='word_1_142' title='bbox 920 2459 1087 2503; x_wconf 88' lang='lat' dir='ltr'>anno</span> <span class='ocrx_word' id='word_1_143' title='bbox 1164 2441 1447 2523; x_wconf 88' lang='lat' dir='ltr'>accipere</span> <span class='ocrx_word' id='word_1_144' title='bbox 1518 2443 1948 2504; x_wconf 83' lang='lat' dir='ltr'>consuessent.</span> <span class='ocrx_word' id='word_1_145' title='bbox 2050 2438 2444 2503; x_wconf 86' lang='lat' dir='ltr'>frumentum</span> <span class='ocrx_word' id='word_1_146' title='bbox 2519 2460 2781 2522; x_wconf 89' lang='lat' dir='ltr'>quoque</span> <span class='ocrx_word' id='word_1_147' title='bbox 2846 2440 2914 2505; x_wconf 91' lang='lat' dir='ltr'>in</span> 
     </span>
     <span class='ocr_line' id='line_1_20' title="bbox 621 2542 2914 2629; baseline 0 -21"><span class='ocrx_word' id='word_1_148' title='bbox 621 2567 909 2609; x_wconf 89' lang='lat' dir='ltr'>annonae</span> <span class='ocrx_word' id='word_1_149' title='bbox 956 2544 1448 2609; x_wconf 87' lang='lat' dir='ltr'>difficultatibus</span> <span class='ocrx_word' id='word_1_150' title='bbox 1497 2566 1684 2628; x_wconf 86' lang='lat' dir='ltr'>saepe</span> <span class='ocrx_word' id='word_1_151' title='bbox 1729 2542 2078 2627; x_wconf 85' lang='lat' dir='ltr'>leuissim0‚</span> <span class='ocrx_word' id='word_1_152' title='bbox 2124 2544 2447 2608; x_wconf 87' lang='lat' dir='ltr'>interdum</span> <span class='ocrx_word' id='word_1_153' title='bbox 2484 2544 2665 2609; x_wconf 81' lang='lat' dir='ltr'>nullo</span> <span class='ocrx_word' id='word_1_154' title='bbox 2701 2547 2914 2629; x_wconf 89' lang='lat' dir='ltr'>pretio</span> 
     </span>
    </p>

    <p class='ocr_par' dir='ltr' id='par_1_6' title="bbox 512 2642 2994 3057">
     <span class='ocr_line' id='line_1_21' title="bbox 512 2642 2994 2735; baseline 0.003 -26"><span class='ocrx_word' id='word_1_155' title='bbox 512 2642 601 2709; x_wconf 79' lang='lat'>42</span> <span class='ocrx_word' id='word_1_156' title='bbox 619 2652 862 2715; x_wconf 88' lang='lat' dir='ltr'>uiritim</span> <span class='ocrx_word' id='word_1_157' title='bbox 913 2651 1251 2716; x_wconf 86' lang='lat' dir='ltr'>admensus</span> <span class='ocrx_word' id='word_1_158' title='bbox 1308 2656 1405 2715; x_wconf 90' lang='lat' dir='ltr'>est</span> <span class='ocrx_word' id='word_1_159' title='bbox 1457 2656 1861 2733; x_wconf 84' lang='lat' dir='ltr'>tesserasque</span> <span class='ocrx_word' id='word_1_160' title='bbox 1907 2652 2300 2714; x_wconf 86' lang='lat' dir='ltr'>nummarias</span> <span class='ocrx_word' id='word_1_161' title='bbox 2345 2650 2718 2735; x_wconf 88' lang='lat' dir='ltr'>duplicauit.</span> <span class='ocrx_word' id='word_1_162' title='bbox 2803 2652 2917 2716; x_wconf 89' lang='lat' dir='ltr'>sed</span> <span class='ocrx_word' id='word_1_163' title='bbox 2937 2676 2994 2717; x_wconf 73' lang='lat'>80</span> 
     </span>
     <span class='ocr_line' id='line_1_22' title="bbox 615 2758 2916 2845; baseline 0 -23"><span class='ocrx_word' id='word_1_164' title='bbox 615 2762 690 2822; x_wconf 91' lang='lat' dir='ltr'>ut</span> <span class='ocrx_word' id='word_1_165' title='bbox 740 2758 1061 2823; x_wconf 84' lang='lat' dir='ltr'>salubrem</span> <span class='ocrx_word' id='word_1_166' title='bbox 1116 2759 1325 2845; x_wconf 84' lang='lat' dir='ltr'>magis</span> <span class='ocrx_word' id='word_1_167' title='bbox 1374 2780 1567 2841; x_wconf 89' lang='lat' dir='ltr'>quam</span> <span class='ocrx_word' id='word_1_168' title='bbox 1615 2758 2028 2822; x_wconf 89' lang='lat' dir='ltr'>ambitiosum</span> <span class='ocrx_word' id='word_1_169' title='bbox 2086 2758 2445 2841; x_wconf 87' lang='lat' dir='ltr'>principem</span> <span class='ocrx_word' id='word_1_170' title='bbox 2495 2758 2708 2841; x_wconf 73' lang='lat' dir='ltr'>scitae,</span> <span class='ocrx_word' id='word_1_171' title='bbox 2759 2780 2916 2841; x_wconf 87' lang='lat' dir='ltr'>que-</span> 
     </span>
     <span class='ocr_line' id='line_1_23' title="bbox 615 2864 2912 2950; baseline 0.001 -23"><span class='ocrx_word' id='word_1_172' title='bbox 615 2870 865 2929; x_wconf 87' lang='lat' dir='ltr'>rentem</span> <span class='ocrx_word' id='word_1_173' title='bbox 914 2866 989 2928; x_wconf 92' lang='lat' dir='ltr'>de</span> <span class='ocrx_word' id='word_1_174' title='bbox 1037 2866 1258 2950; x_wconf 90' lang='lat' dir='ltr'>inopia</span> <span class='ocrx_word' id='word_1_175' title='bbox 1312 2870 1377 2929; x_wconf 91' lang='lat' dir='ltr'>et</span> <span class='ocrx_word' id='word_1_176' title='bbox 1424 2866 1690 2928; x_wconf 87' lang='lat' dir='ltr'>caritate</span> <span class='ocrx_word' id='word_1_177' title='bbox 1745 2864 1882 2928; x_wconf 90' lang='lat' dir='ltr'>uini</span> <span class='ocrx_word' id='word_1_178' title='bbox 1926 2866 2241 2948; x_wconf 91' lang='lat' dir='ltr'>populum</span> <span class='ocrx_word' id='word_1_179' title='bbox 2288 2865 2695 2929; x_wconf 87' lang='lat' dir='ltr'>seuerissima</span> <span class='ocrx_word' id='word_1_180' title='bbox 2742 2886 2912 2929; x_wconf 91' lang='lat' dir='ltr'>coer-</span> 
     </span>
     <span class='ocr_line' id='line_1_24' title="bbox 619 2972 2912 3057; baseline 0.001 -22"><span class='ocrx_word' id='word_1_181' title='bbox 619 2972 752 3035; x_wconf 85' lang='lat' dir='ltr'>cuit</span> <span class='ocrx_word' id='word_1_182' title='bbox 797 2994 983 3036; x_wconf 87' lang='lat' dir='ltr'>uoce:</span> <span class='ocrx_word' id='word_1_183' title='bbox 1041 2973 1235 3036; x_wconf 89' lang='lat' dir='ltr'>satis</span> <span class='ocrx_word' id='word_1_184' title='bbox 1291 2973 1682 3056; x_wconf 90' lang='lat' dir='ltr'>prouisum</span> <span class='ocrx_word' id='word_1_185' title='bbox 1741 2993 1778 3033; x_wconf 89' lang='lat' dir='ltr'>a</span> <span class='ocrx_word' id='word_1_186' title='bbox 1825 2992 2103 3057; x_wconf 84' lang='lat' dir='ltr'>genero</span> <span class='ocrx_word' id='word_1_187' title='bbox 2161 2993 2294 3035; x_wconf 90' lang='lat' dir='ltr'>suo</span> <span class='ocrx_word' id='word_1_188' title='bbox 2349 2972 2694 3057; x_wconf 86' lang='lat' dir='ltr'>Agrippa</span> <span class='ocrx_word' id='word_1_189' title='bbox 2747 2994 2912 3056; x_wconf 86' lang='lat' dir='ltr'>per-</span> 
     </span>
    </p>

    <p class='ocr_par' dir='ltr' id='par_1_7' title="bbox 548 3066 2993 3587">
     <span class='ocr_line' id='line_1_25' title="bbox 548 3066 2914 3164; baseline 0.001 -23"><span class='ocrx_word' id='word_1_190' title='bbox 548 3088 577 3135; x_wconf 78' lang='lat'><strong>2</strong></span> <span class='ocrx_word' id='word_1_191' title='bbox 617 3066 870 3143; x_wconf 86' lang='lat' dir='ltr'>ductis</span> <span class='ocrx_word' id='word_1_192' title='bbox 916 3078 1274 3164; x_wconf 90' lang='lat' dir='ltr'>pluribus</span> <span class='ocrx_word' id='word_1_193' title='bbox 1324 3079 1572 3161; x_wconf 90' lang='lat' dir='ltr'>aquis,</span> <span class='ocrx_word' id='word_1_194' title='bbox 1616 3099 1706 3142; x_wconf 89' lang='lat' dir='ltr'>ne</span> <span class='ocrx_word' id='word_1_195' title='bbox 1742 3076 2088 3141; x_wconf 90' lang='lat' dir='ltr'>homines</span> <span class='ocrx_word' id='word_1_196' title='bbox 2137 3077 2470 3142; x_wconf 89' lang='lat' dir='ltr'>sitirent.</span> <span class='ocrx_word' id='word_1_197' title='bbox 2553 3078 2762 3143; x_wconf 91' lang='lat' dir='ltr'>eidem</span> <span class='ocrx_word' id='word_1_198' title='bbox 2799 3101 2914 3162; x_wconf 88' lang='lat' dir='ltr'>po·</span> 
     </span>
     <span class='ocr_line' id='line_1_26' title="bbox 616 3183 2993 3268; baseline 0 -20"><span class='ocrx_word' id='word_1_199' title='bbox 616 3185 771 3268; x_wconf 90' lang='lat' dir='ltr'>pulo</span> <span class='ocrx_word' id='word_1_200' title='bbox 837 3186 1222 3268; x_wconf 88' lang='lat' dir='ltr'>promissum</span> <span class='ocrx_word' id='word_1_201' title='bbox 1299 3184 1555 3267; x_wconf 90' lang='lat' dir='ltr'>quidem</span> <span class='ocrx_word' id='word_1_202' title='bbox 1632 3184 2028 3267; x_wconf 82' lang='lat' dir='ltr'>congiarium</span> <span class='ocrx_word' id='word_1_203' title='bbox 2103 3185 2461 3268; x_wconf 86' lang='lat' dir='ltr'>reposcenti</span> <span class='ocrx_word' id='word_1_204' title='bbox 2527 3183 2770 3250; x_wconf 90' lang='lat' dir='ltr'>bonae</span> <span class='ocrx_word' id='word_1_205' title='bbox 2835 3208 2912 3251; x_wconf 91' lang='lat' dir='ltr'>se</span> <span class='ocrx_word' id='word_1_206' title='bbox 2941 3208 2993 3249; x_wconf 67' lang='grc' dir='ltr'><strong><em>κ</em></strong></span> 
     </span>
     <span class='ocr_line' id='line_1_27' title="bbox 616 3290 2914 3377; baseline 0.002 -24"><span class='ocrx_word' id='word_1_207' title='bbox 616 3291 806 3354; x_wconf 90' lang='lat' dir='ltr'>fidei</span> <span class='ocrx_word' id='word_1_208' title='bbox 856 3313 1021 3355; x_wconf 89' lang='lat' dir='ltr'>esse</span> <span class='ocrx_word' id='word_1_209' title='bbox 1067 3291 1424 3373; x_wconf 85' lang='lat' dir='ltr'>respondit3</span> <span class='ocrx_word' id='word_1_210' title='bbox 1469 3312 1601 3355; x_wconf 89' lang='lat' dir='ltr'>non</span> <span class='ocrx_word' id='word_1_211' title='bbox 1648 3291 2034 3374; x_wconf 88' lang='lat' dir='ltr'>promissum</span> <span class='ocrx_word' id='word_1_212' title='bbox 2082 3296 2296 3354; x_wconf 89' lang='lat' dir='ltr'>autem</span> <span class='ocrx_word' id='word_1_213' title='bbox 2343 3290 2666 3377; x_wconf 85' lang='lat' dir='ltr'>flagitanti</span> <span class='ocrx_word' id='word_1_214' title='bbox 2709 3294 2914 3377; x_wconf 79' lang='lat' dir='ltr'>turpi—</span> 
     </span>
     <span class='ocr_line' id='line_1_28' title="bbox 617 3397 2910 3483; baseline 0.003 -25"><span class='ocrx_word' id='word_1_215' title='bbox 617 3397 903 3460; x_wconf 86' lang='lat' dir='ltr'>tudinem</span> <span class='ocrx_word' id='word_1_216' title='bbox 980 3403 1043 3462; x_wconf 89' lang='lat' dir='ltr'>et</span> <span class='ocrx_word' id='word_1_217' title='bbox 1114 3398 1580 3481; x_wconf 88' lang='lat' dir='ltr'>impudentiam</span> <span class='ocrx_word' id='word_1_218' title='bbox 1656 3397 1864 3461; x_wconf 89' lang='lat' dir='ltr'>edicto</span> <span class='ocrx_word' id='word_1_219' title='bbox 1940 3398 2354 3479; x_wconf 86' lang='lat' dir='ltr'>exprobrauit</span> <span class='ocrx_word' id='word_1_220' title='bbox 2427 3398 2910 3483; x_wconf 86' lang='lat' dir='ltr'>affirmauitque</span> 
     </span>
     <span class='ocr_line' id='line_1_29' title="bbox 615 3504 2910 3587; baseline 0.003 -21"><span class='ocrx_word' id='word_1_221' title='bbox 615 3525 763 3567; x_wconf 93' lang='lat' dir='ltr'>non</span> <span class='ocrx_word' id='word_1_222' title='bbox 810 3504 1163 3568; x_wconf 83' lang='lat' dir='ltr'>daturum</span> <span class='ocrx_word' id='word_1_223' title='bbox 1221 3526 1295 3567; x_wconf 88' lang='lat' dir='ltr'>se</span> <span class='ocrx_word' id='word_1_224' title='bbox 1356 3505 1704 3587; x_wconf 89' lang='lat' dir='ltr'>quamuis</span> <span class='ocrx_word' id='word_1_225' title='bbox 1753 3505 1926 3567; x_wconf 89' lang='lat' dir='ltr'>dare</span> <span class='ocrx_word' id='word_1_226' title='bbox 1975 3504 2418 3569; x_wconf 86' lang='lat' dir='ltr'>destinaret.</span> <span class='ocrx_word' id='word_1_227' title='bbox 2501 3527 2617 3571; x_wconf 90' lang='lat' dir='ltr'>nec</span> <span class='ocrx_word' id='word_1_228' title='bbox 2661 3508 2910 3573; x_wconf 89' lang='lat' dir='ltr'>minore</span> 
     </span>
    </p>
   </div>
   <div class='ocr_carea' id='block_1_3' title="bbox 614 3648 870 3655">
    <p class='ocr_par' dir='ltr' id='par_1_8' title="bbox 614 3648 870 3655">
     <span class='ocr_line' id='line_1_30' title="bbox 614 3648 870 3655; baseline 0.004 -1"><span class='ocrx_word' id='word_1_229' title='bbox 614 3648 870 3655; x_wconf 48' lang='grc' dir='ltr'>ψ*</span> 
     </span>
    </p>
   </div>
   <div class='ocr_carea' id='block_1_4' title="bbox 758 3734 1564 3800">
    <p class='ocr_par' dir='ltr' id='par_1_9' title="bbox 758 3734 1564 3800">
     <span class='ocr_line' id='line_1_31' title="bbox 758 3734 1564 3800; baseline 0 -15"><span class='ocrx_word' id='word_1_230' title='bbox 758 3737 925 3800; x_wconf 70' lang='lat' dir='ltr'>Ssqq.</span> <span class='ocrx_word' id='word_1_231' title='bbox 965 3734 1035 3798; x_wconf 80' lang='lat' dir='ltr'>cf.</span> <span class='ocrx_word' id='word_1_232' title='bbox 1079 3734 1225 3787; x_wconf 78' lang='lat' dir='ltr'>Oros,</span> <span class='ocrx_word' id='word_1_233' title='bbox 1270 3734 1357 3786; x_wconf 90' lang='lat' dir='ltr'>VI</span> <span class='ocrx_word' id='word_1_234' title='bbox 1378 3738 1465 3799; x_wconf 88' lang='lat'>19,</span> <span class='ocrx_word' id='word_1_235' title='bbox 1496 3737 1564 3786; x_wconf 87' lang='grc'>19</span> 
     </span>
    </p>
   </div>
   <div class='ocr_carea' id='block_1_5' title="bbox 613 3862 1040 3870">
    <p class='ocr_par' dir='ltr' id='par_1_10' title="bbox 613 3862 1040 3870">
     <span class='ocr_line' id='line_1_32' title="bbox 613 3862 1040 3870; baseline 0.007 -3"><span class='ocrx_word' id='word_1_236' title='bbox 613 3862 620 3867; x_wconf 84' lang='grc'><em>.</em></span> <span class='ocrx_word' id='word_1_237' title='bbox 653 3862 856 3869; x_wconf 63' lang='lat'>„—--—-—.</span> <span class='ocrx_word' id='word_1_238' title='bbox 877 3862 1040 3870; x_wconf 76' lang='lat'>——...—-</span> 
     </span>
    </p>
   </div>
   <div class='ocr_carea' id='block_1_6' title="bbox 881 3648 1040 3657">
    <p class='ocr_par' dir='ltr' id='par_1_11' title="bbox 881 3648 1040 3657">
     <span class='ocr_line' id='line_1_33' title="bbox 881 3648 1040 3657; baseline 0 1552"><span class='ocrx_word' id='word_1_239' title='bbox 881 3648 1040 3657; x_wconf 95' lang='lat' dir='ltr'> </span> 
     </span>
    </p>
   </div>
   <div class='ocr_carea' id='block_1_7' title="bbox 612 3944 2918 4659">
    <p class='ocr_par' dir='ltr' id='par_1_12' title="bbox 612 3944 2918 4659">
     <span class='ocr_line' id='line_1_34' title="bbox 760 3944 2908 4017; baseline 0.001 -19"><span class='ocrx_word' id='word_1_240' title='bbox 760 3950 790 3998; x_wconf 80' lang='lat'><strong>2</strong></span> <span class='ocrx_word' id='word_1_241' title='bbox 831 3944 913 4000; x_wconf 80' lang='lat' dir='ltr'>ait</span> <span class='ocrx_word' id='word_1_242' title='bbox 942 3952 1069 4013; x_wconf 81' lang='lat' dir='ltr'>post</span> <span class='ocrx_word' id='word_1_243' title='bbox 1105 3962 1173 3999; x_wconf 92' lang='lat' dir='ltr'>en</span> <span class='ocrx_word' id='word_1_244' title='bbox 1213 3946 1340 3999; x_wconf 78' lang='lat' dir='ltr'>add.</span> <span class='ocrx_word' id='word_1_245' title='bbox 1380 3950 1427 3999; x_wconf 82' lang='grc' dir='ltr'><strong><em>Τ</em></strong></span> <span class='ocrx_word' id='word_1_246' title='bbox 1567 3953 1597 3998; x_wconf 81' lang='lat'>5</span> <span class='ocrx_word' id='word_1_247' title='bbox 1639 3946 1856 3999; x_wconf 87' lang='lat' dir='ltr'>circoue</span> <span class='ocrx_word' id='word_1_248' title='bbox 1900 3946 2017 3999; x_wconf 77' lang='lat' dir='ltr'>GT</span> <span class='ocrx_word' id='word_1_249' title='bbox 2059 3947 2155 4013; x_wconf 82' lang='lat' dir='ltr'>(sic</span> <span class='ocrx_word' id='word_1_250' title='bbox 2191 3964 2328 4000; x_wconf 82' lang='lat' dir='ltr'>corr.</span> <span class='ocrx_word' id='word_1_251' title='bbox 2364 3947 2429 3999; x_wconf 79' lang='lat' dir='ltr'>in</span> <span class='ocrx_word' id='word_1_252' title='bbox 2463 3948 2518 4001; x_wconf 82' lang='lat' dir='ltr'><strong><em>L</em></strong></span> <span class='ocrx_word' id='word_1_253' title='bbox 2563 3964 2632 4001; x_wconf 85' lang='lat' dir='ltr'>m.</span> <span class='ocrx_word' id='word_1_254' title='bbox 2671 3950 2908 4017; x_wconf 75' lang='lat' dir='ltr'>recenti),</span> 
     </span>
     <span class='ocr_line' id='line_1_35' title="bbox 614 4026 2918 4097; baseline 0.002 -18"><span class='ocrx_word' id='word_1_255' title='bbox 614 4026 683 4090; x_wconf 75' lang='lat' dir='ltr'>cf.</span> <span class='ocrx_word' id='word_1_256' title='bbox 716 4026 858 4096; x_wconf 77' lang='lat' dir='ltr'>Lyd.</span> <span class='ocrx_word' id='word_1_257' title='bbox 880 4042 1053 4093; x_wconf 74' lang='lat' dir='ltr'>supra</span> <span class='ocrx_word' id='word_1_258' title='bbox 1179 4032 1210 4079; x_wconf 92' lang='grc'>8</span> <span class='ocrx_word' id='word_1_259' title='bbox 1249 4026 1696 4079; x_wconf 85' lang='lat' dir='ltr'>nummumariae</span> <span class='ocrx_word' id='word_1_260' title='bbox 1719 4028 1804 4091; x_wconf 79' lang='lat' dir='ltr'>M,</span> <span class='ocrx_word' id='word_1_261' title='bbox 1841 4027 2230 4097; x_wconf 67' lang='lat' dir='ltr'>nfimfimarine</span> <span class='ocrx_word' id='word_1_262' title='bbox 2259 4026 2310 4080; x_wconf 78' lang='lat' dir='ltr'><strong><em>G</em></strong></span> <span class='ocrx_word' id='word_1_263' title='bbox 2445 4032 2476 4081; x_wconf 84' lang='lat'>9</span> <span class='ocrx_word' id='word_1_264' title='bbox 2498 4027 2776 4082; x_wconf 89' lang='lat' dir='ltr'>diminuto</span> <span class='ocrx_word' id='word_1_265' title='bbox 2801 4030 2918 4083; x_wconf 80' lang='grc' dir='ltr'>ΤΥ</span> 
     </span>
     <span class='ocr_line' id='line_1_36' title="bbox 620 4106 2908 4175; baseline 0.002 -16"><span class='ocrx_word' id='word_1_266' title='bbox 620 4112 681 4159; x_wconf 80' lang='lat'>12</span> <span class='ocrx_word' id='word_1_267' title='bbox 722 4106 1065 4159; x_wconf 82' lang='lat' dir='ltr'>senatorium</span> <span class='ocrx_word' id='word_1_268' title='bbox 1104 4106 1336 4173; x_wconf 77' lang='lat' dir='ltr'>Bentley</span> <span class='ocrx_word' id='word_1_269' title='bbox 1383 4107 1471 4175; x_wconf 76' lang='lat' dir='ltr'>(ef.</span> <span class='ocrx_word' id='word_1_270' title='bbox 1519 4107 1672 4173; x_wconf 76' lang='lat' dir='ltr'>Vesp.</span> <span class='ocrx_word' id='word_1_271' title='bbox 1705 4110 1791 4175; x_wconf 83' lang='lat'>17)</span> <span class='ocrx_word' id='word_1_272' title='bbox 1939 4110 2004 4159; x_wconf 85' lang='lat'>13</span> <span class='ocrx_word' id='word_1_273' title='bbox 2053 4106 2236 4159; x_wconf 87' lang='lat' dir='ltr'>decies</span> <span class='ocrx_word' id='word_1_274' title='bbox 2276 4106 2508 4175; x_wconf 73' lang='lat' dir='ltr'>Lipsius</span> <span class='ocrx_word' id='word_1_275' title='bbox 2651 4110 2908 4163; x_wconf 81' lang='lat' dir='ltr'>sestertio</span> 
     </span>
     <span class='ocr_line' id='line_1_37' title="bbox 620 4186 2910 4258; baseline 0.002 -19"><span class='ocrx_word' id='word_1_276' title='bbox 620 4187 847 4240; x_wconf 75' lang='lat' dir='ltr'>Ernesti</span> <span class='ocrx_word' id='word_1_277' title='bbox 884 4188 970 4255; x_wconf 84' lang='lat' dir='ltr'>(cf.</span> <span class='ocrx_word' id='word_1_278' title='bbox 1012 4187 1087 4240; x_wconf 80' lang='lat' dir='ltr'>ad</span> <span class='ocrx_word' id='word_1_279' title='bbox 1124 4188 1235 4239; x_wconf 80' lang='lat' dir='ltr'><em>Iul.</em></span> <span class='ocrx_word' id='word_1_280' title='bbox 1268 4192 1339 4240; x_wconf 85' lang='lat'>50</span> <span class='ocrx_word' id='word_1_281' title='bbox 1370 4190 1550 4254; x_wconf 70' lang='lat'><em>1226,</em></span> <span class='ocrx_word' id='word_1_282' title='bbox 1578 4191 1671 4255; x_wconf 72' lang='lat'>24)</span> <span class='ocrx_word' id='word_1_283' title='bbox 1874 4191 1938 4239; x_wconf 84' lang='lat'>15</span> <span class='ocrx_word' id='word_1_284' title='bbox 1985 4186 2102 4240; x_wconf 88' lang='lat' dir='ltr'>fere</span> <span class='ocrx_word' id='word_1_285' title='bbox 2148 4203 2250 4240; x_wconf 90' lang='lat' dir='ltr'>om.</span> <span class='ocrx_word' id='word_1_286' title='bbox 2292 4187 2345 4240; x_wconf 89' lang='lat' dir='ltr'><strong><em>V</em></strong></span> <span class='ocrx_word' id='word_1_287' title='bbox 2515 4188 2910 4258; x_wconf 81' lang='lat' dir='ltr'>quadragenos</span> 
     </span>
     <span class='ocr_line' id='line_1_38' title="bbox 619 4266 2907 4337; baseline 0.002 -18"><span class='ocrx_word' id='word_1_288' title='bbox 619 4268 741 4319; x_wconf 83' lang='lat' dir='ltr'>(r&#39;H</span> <span class='ocrx_word' id='word_1_289' title='bbox 752 4267 804 4321; x_wconf 83' lang='lat' dir='ltr'><em>R</em></span> <span class='ocrx_word' id='word_1_290' title='bbox 968 4268 1219 4320; x_wconf 86' lang='lat' dir='ltr'>trecenos</span> <span class='ocrx_word' id='word_1_291' title='bbox 1262 4266 1416 4321; x_wconf 84' lang='lat' dir='ltr'>Torr.</span> <span class='ocrx_word' id='word_1_292' title='bbox 1458 4270 1503 4335; x_wconf 85' lang='lat' dir='ltr'>(e</span> <span class='ocrx_word' id='word_1_293' title='bbox 1541 4267 1679 4322; x_wconf 83' lang='lat' dir='ltr'>libro</span> <span class='ocrx_word' id='word_1_294' title='bbox 1716 4268 2107 4334; x_wconf 59' lang='lat' dir='ltr'>Feri-ariense),</span> <span class='ocrx_word' id='word_1_295' title='bbox 2145 4267 2388 4319; x_wconf 87' lang='lat' dir='ltr'>tricenos</span> <span class='ocrx_word' id='word_1_296' title='bbox 2425 4270 2479 4320; x_wconf 79' lang='grc' dir='ltr'>,Ω</span> <span class='ocrx_word' id='word_1_297' title='bbox 2640 4274 2705 4322; x_wconf 84' lang='grc'>16</span> <span class='ocrx_word' id='word_1_298' title='bbox 2745 4270 2907 4337; x_wconf 88' lang='lat' dir='ltr'>quin-</span> 
     </span>
     <span class='ocr_line' id='line_1_39' title="bbox 614 4345 2910 4415; baseline 0.002 -16"><span class='ocrx_word' id='word_1_299' title='bbox 614 4363 898 4415; x_wconf 83' lang='lat' dir='ltr'>genosque</span> <span class='ocrx_word' id='word_1_300' title='bbox 910 4346 953 4401; x_wconf 86' lang='lat' dir='ltr'><strong><em>S</em></strong></span> <span class='ocrx_word' id='word_1_301' title='bbox 961 4345 1334 4414; x_wconf 34' lang='lat' dir='ltr'>&amp;tricenosque</span> <span class='ocrx_word' id='word_1_302' title='bbox 1351 4348 1442 4401; x_wconf 72' lang='lat' dir='ltr'>rel.</span> <span class='ocrx_word' id='word_1_303' title='bbox 1456 4349 1671 4401; x_wconf 78' lang='lat' dir='ltr'>omissis</span> <span class='ocrx_word' id='word_1_304' title='bbox 1687 4348 1778 4415; x_wconf 89' lang='lat' dir='ltr'>T),</span> <span class='ocrx_word' id='word_1_305' title='bbox 1800 4347 2298 4415; x_wconf 82' lang='lat' dir='ltr'>quadragenosque</span> <span class='ocrx_word' id='word_1_306' title='bbox 2314 4350 2618 4403; x_wconf 42' lang='lat' dir='ltr'>*Mommsen</span> <span class='ocrx_word' id='word_1_307' title='bbox 2715 4354 2782 4402; x_wconf 85' lang='grc'>17</span> <span class='ocrx_word' id='word_1_308' title='bbox 2797 4349 2910 4403; x_wconf 89' lang='lat' dir='ltr'>nisi</span> 
     </span>
     <span class='ocr_line' id='line_1_40' title="bbox 612 4426 2908 4497; baseline 0.002 -17"><span class='ocrx_word' id='word_1_309' title='bbox 612 4444 715 4480; x_wconf 87' lang='lat' dir='ltr'>om.</span> <span class='ocrx_word' id='word_1_310' title='bbox 762 4430 809 4479; x_wconf 82' lang='grc' dir='ltr'><strong><em>Τ</em></strong></span> <span class='ocrx_word' id='word_1_311' title='bbox 968 4432 1032 4479; x_wconf 84' lang='grc'>19</span> <span class='ocrx_word' id='word_1_312' title='bbox 1080 4426 1356 4480; x_wconf 84' lang='lat' dir='ltr'>uilissimo</span> <span class='ocrx_word' id='word_1_313' title='bbox 1398 4428 1628 4497; x_wconf 73' lang='lat' dir='ltr'>Bentley</span> <span class='ocrx_word' id='word_1_314' title='bbox 1791 4433 1858 4479; x_wconf 82' lang='lat'>20</span> <span class='ocrx_word' id='word_1_315' title='bbox 1905 4426 2080 4480; x_wconf 78' lang='lat' dir='ltr'>uiritfi</span> <span class='ocrx_word' id='word_1_316' title='bbox 2129 4427 2400 4481; x_wconf 74' lang='lat' dir='ltr'>admensfi</span> <span class='ocrx_word' id='word_1_317' title='bbox 2440 4428 2492 4481; x_wconf 89' lang='lat' dir='ltr'><strong><em>V</em></strong></span> <span class='ocrx_word' id='word_1_318' title='bbox 2648 4434 2719 4483; x_wconf 75' lang='lat'>24</span> <span class='ocrx_word' id='word_1_319' title='bbox 2753 4430 2908 4485; x_wconf 88' lang='lat' dir='ltr'>idem</span> 
     </span>
     <span class='ocr_line' id='line_1_41' title="bbox 614 4506 2912 4575; baseline 0.003 -16"><span class='ocrx_word' id='word_1_320' title='bbox 614 4507 847 4575; x_wconf 76' lang='lat' dir='ltr'>Bentley</span> <span class='ocrx_word' id='word_1_321' title='bbox 989 4507 1198 4574; x_wconf 87' lang='lat' dir='ltr'>populo</span> <span class='ocrx_word' id='word_1_322' title='bbox 1236 4508 1340 4564; x_wconf 82' lang='lat' dir='ltr'>del.-</span> <span class='ocrx_word' id='word_1_323' title='bbox 1375 4510 1525 4561; x_wconf 83' lang='lat' dir='ltr'>Torr.</span> <span class='ocrx_word' id='word_1_324' title='bbox 1674 4514 1741 4559; x_wconf 80' lang='lat'>25</span> <span class='ocrx_word' id='word_1_325' title='bbox 1781 4506 2110 4575; x_wconf 84' lang='lat' dir='ltr'>deposcenti</span> <span class='ocrx_word' id='word_1_326' title='bbox 2139 4509 2316 4561; x_wconf 74' lang='lat' dir='ltr'>Polak</span> <span class='ocrx_word' id='word_1_327' title='bbox 2461 4514 2528 4561; x_wconf 83' lang='lat'>28</span> <span class='ocrx_word' id='word_1_328' title='bbox 2567 4509 2912 4565; x_wconf 80' lang='lat' dir='ltr'>destinasset</span> 
     </span>
     <span class='ocr_line' id='line_1_42' title="bbox 614 4586 2632 4659; baseline 0.001 -20"><span class='ocrx_word' id='word_1_329' title='bbox 614 4588 743 4653; x_wconf 87' lang='grc' dir='ltr'>Νς,</span> <span class='ocrx_word' id='word_1_330' title='bbox 784 4586 1082 4640; x_wconf 87' lang='lat' dir='ltr'>destinarit</span> <span class='ocrx_word' id='word_1_331' title='bbox 1121 4588 1386 4654; x_wconf 76' lang='lat' dir='ltr'>Reitzius,</span> <span class='ocrx_word' id='word_1_332' title='bbox 1427 4589 1740 4642; x_wconf 88' lang='lat' dir='ltr'>destinarat</span> <span class='ocrx_word' id='word_1_333' title='bbox 1769 4588 1964 4641; x_wconf 73' lang='lat' dir='ltr'>Bur-m.</span> <span class='ocrx_word' id='word_1_334' title='bbox 2112 4589 2238 4657; x_wconf 90' lang='lat' dir='ltr'>nec]</span> <span class='ocrx_word' id='word_1_335' title='bbox 2277 4604 2347 4642; x_wconf 89' lang='lat' dir='ltr'>ne</span> <span class='ocrx_word' id='word_1_336' title='bbox 2387 4588 2632 4659; x_wconf 76' lang='lat' dir='ltr'><strong><em>MVQR</em></strong></span> 
     </span>
    </p>
   </div>
  </div>
 </body>
</html>
