3259 5209
646 398 732 464 80
1352 398 1409 454 C.
1448 398 1766 453 SVETONI
1799 398 2246 464 TRANQVILLI
2283 398 2300 405 “

646 568 711 628 et
758 562 999 627 erebra·
1023 568 1091 627 et
1134 563 1401 649 grandia
1456 563 1534 626 de
1590 566 1708 627 suo
1765 562 2074 627 offerebat
2113 561 2412 645 nullique
2459 558 2704 626 Graeco,
2749 564 2956 625 ceria·

648 669 821 735 mini·
872 670 1197 753 interfuit,
1268 690 1397 753 quo
1460 673 1595 733 non'
1667 692 1786 754 pro
1860 669 2094 733 merito
2167 670 2489 753 quemque
2565 670 2954 733 certantium

646 776 995 841 honoraritj
1080 776 1400 861 spectauit
1441 779 1669 841 'autem
1725 776 2195 841 studiosissime
2250 774 2504 859 pugiles
2561 780 2625 839 et
2668 776 2956 839 maxime

647 882 941 967 Latinos,
994 903 1131 947 non
1186 881 1513 967 legitimos
1578 887 1772 966 atque
1835 883 2196 947 ordinarios
2245 882 2470 964 modo,
2527 903 2688 965 quos
2751 880 2952 945 etiam

648 984 1051 1055 committere
1107 1010 1253 1053 cum
1310 987 1569 1053 Graecis
1626 988 1908 1074 solebat,
1962 988 2072 1053 sed
2127 994 2193 1053 et
2247 989 2636 1053 cateruarios
2683 987 2953 1070 oppida·
3013 1012 3040 1050 s

647 1118 766 1161 nos
827 1098 994 1161 inter
1048 1096 1378 1181 angustias
1434 1096 1728 1160 uicorum
1785 1096 2132 1181 pugnantis
2187 1100 2430 1159 temere
2485 1116 2558 1159 ac
2609 1093 2748 1159 sine
2793 1098 2953 1157 arte.

579 1216 612 1265 3
650 1203 1020 1268 uniuersum
1078 1202 1355 1285 denique
1410 1224 1612 1287 genus
1675 1224 1903 1286 operas
1960 1203 2205 1285 aliquas
2259 1201 2521 1287 publico
2579 1202 2954 1286 spectaculo

648 1310 1091 1394 praebentium
1144 1308 1341 1373 etiam
1398 1331 1548 1373 cura
1594 1332 1708 1373 sua
1758 1309 2057 1395 dignatus
2103 1314 2224 1373 est:
2283 1309 2542 1373 athletis
2577 1313 2658 1372 -et
2699 1328 2954 1372 conser-

649 1419 829 1482 uauit
857 1416 1229 1503 ‚priuilegia
1288 1420 1354 1478 et
1412 1417 1780 1501 ampliauit,
1838 1415 2226 1502 gladiatores
2287 1417 2424 1479 sine
2479 1415 2787 1479 missione
2847 1414 2954 1478 edi

650 1522 1004 1607 prohibuit,
1050 1522 1505 1587 coercitionem
1542 1522 1611 1585 in
1645 1522 1990 1586 histriones
2037 1522 2526 1608 magistratibus
2565 1522 2744 1585 omni
2789 1524 2956 1584 tem-
2987 1544 3042 1585 ιο

649 1650 806 1714 pore
853 1633 917 1693 et
960 1630 1107 1693 loco
1151 1631 1295 1715 lege
1340 1632 1555 1693 uetere
1602 1629 1980 1711 permissam
2017 1628 2258 1692 ademit
2291 1632 2738 1713 praeterquam
2775 1627 2952 1691 ludis

579 1750 613 1797 4
650 1742 715 1802 et
766 1758 1009 1801 scaena.
1092 1759 1209 1802 nec
1263 1739 1476 1801 tamen
1534 1756 1609 1800 eo
1667 1738 1880 1799 minus
1937 1740 2051 1800 aut
2100 1737 2496 1818 xysticorum
2565 1718 2952 1799 certationes

652 1848 761 1907 aut
834 1842 1261 1929 gladiatorum
1330 1864 1581 1928 pugnas
1657 1842 2062 1907 seuerissime
2133 1864 2384 1926 semper
2457 1842 2687 1927 exegit.
2795 1862 2954 1905 nam

649 1950 1038 2014 histrionum
1088 1950 1415 2014 licentiam
1458 1949 1615 2013 adeo
1656 1950 2072 2033 compescuit,
2115 1953 2190 2013 ut
2229 1947 2729 2032 Stephanionem
2771 1951 2954 2033 toga·-

652 2058 917 2141 tarium,
990 2056 1093 2121 cui
1160 2057 1224 2119 in
1290 2055 1601 2140 puerilem
1662 2056 1960 2119 habitum
2025 2058 2522 2120 circumtonsam
2589 2058 2950 2119 matronam
2983 2076 3033 2117 ιε

652 2166 1051 2227 ministrasse
1099 2166 1521 2246 compererat,
1567 2184 1686 2246 per
1729 2164 1900 2227 trina
1943 2148 2204 2226 theatra
2240 2163 2446 2248 uirgis
2494 2182 2746 2225 caesum
2793 2161 2952 2225 rele-

652 2269 931 2354 gauerit,
990 2268 1207 2351 Hylan
1262 2268 1732 2352 pantomimum
1791 2274 2094 2352 querente
2149 2273 2441 2353 praetore
2483 2269 2566 2332 'in
2617 2268 2786 2331 atrio
2841 2268 2952 2331 do-

654 2397 797 2439 mus
843 2397 993 2440 suae
1039 2377 1291 2438 nemine
1338 2376 1595 2439 excluso
1643 2376 1918 2460 flagellis
1965 2375 2322 2440 uerberarit
2367 2379 2432 2440 et
2467 2374 2752 2458 Pyladen
2789 2374 2952 2439 urbe

653 2486 845 2565 atque
892 2480 1078 2545 Italia
1124 2482 1571 2565 summouerit,
1619 2481 1796 2563 quod
1843 2486 2300 2565 spectatorem,
2345 2504 2384 2545 a
2430 2504 2555 2565 quo
2604 2479 2954 2545 exibilaba-

652 2596 775 2674 tur,
823 2588 1319 2652 demonstrasset
1366 2588 1571 2673 digito
1620 2589 2168 2672 conspicuumque
2211 2587 2486 2652 fecisset.
2980 2610 3033 2649 ιο

546 2686 642 2755 46
832 2694 936 2759 Ad
998 2694 1171 2759 hunc
1234 2694 1499 2759 modum
1562 2696 1720 2759 urbe
1779 2694 2174 2778 urbanisque
2233 2697 2424 2759 rebus
2486 2694 2950 2759 administratis

652 2801 906 2866 Italiam
974 2802 1453 2887 duodetriginta
1512 2804 1910 2865 coloniarum
1978 2824 2244 2867 numero
2310 2803 2722 2867 deductarum
2785 2824 2822 2863 a
2881 2824 2949 2866 se

654 2910 1091 2992 frequentauit
1136 2909 1566 2992 operibusque
1622 2930 1698 2972 ac
1743 2908 2169 2993 uectigalibus
2224 2909 2500 2993 publicis
2547 2909 2946 2992 plurifariam

656 3018 987 3092 instruxit,
1058 3017 1250 3078 etiam
1300 3018 1437 3078 iure
1498 3037 1571 3078 ac
1628 3016 1998 3099 dignatione
2053 3015 2196 3079 urbi
2267 3016 2542 3099 quodam
2589 3015 2781 3079 modo
2829 3038 2948 3099 pro

654 3128 835 3207 parte
884 3123 1099 3205 aliqua
1145 3122 1525 3203 adaequauit
1572 3124 1940 3207 excogitato
1986 3145 2217 3208 genere
2264 3124 2736 3208 suffragiorum,
2783 3145 2948 3206 quae
2977 3142 3028 3181 25

655 3232 732 3293 de
788 3229 1273 3313 magistratibus
1329 3229 1567 3292 urbicis
1625 3228 1998 3292 decuriones
2057 3229 2326 3292 colonici
2381 3230 2451 3293 in
2505 3250 2621 3293 sua
2677 3229 2950 3311 quisque

654 3334 907 3399 colonia
952 3336 1191 3399 ferrent
1238 3339 1302 3397 et
1351 3337 1467 3399 sub
1517 3335 1617 3397 die
1666 3336 2074 3399 comitiorum
2117 3337 2456 3421 obsignata
2492 3334 2764 3399 Romam
2805 3336 2948 3399 mit-

654 3445 878 3505 terent.
965 3463 1038 3504 ac
1082 3440 1313 3505 necubi
1361 3446 1472 3505 aut
1525 3441 1939 3506 honestorum
1993 3442 2292 3507 deficeret
2347 3442 2532 3525 copia
2578 3445 2690 3505 aut
2733 3442 2950 3505 multi-

654 3548 895 3611 tudinis
953 3547 1234 3631 suboles,
1299 3552 1660 3631 equestrem
1715 3548 2014 3611 militiam
2071 3550 2347 3633 petentis
2404 3550 2596 3613 etiam
2643 3570 2724 3615 ex
2777 3569 2948 3611 com-

656 3654 1060 3718 mendatione
1115 3654 1373 3738 publica
1428 3656 1736 3737 cuiusque
1792 3655 2015 3738 oppidi
2071 3656 2434 3739 ordinabat,
2492 3659 2558 3718 at
2603 3656 2709 3735 iis,
2757 3656 2868 3737 qui
2914 3676 2948 3717 e
2975 3675 3027 3713 ³0

801 3888 829 3935 7
871 3883 1053 3951 operis
1086 3885 1159 3936 M
1302 3888 1366 3935 10
1404 3883 1463 3935 in
1502 3883 1654 3935 omni
1683 3886 1740 3936 H
1771 3885 1963 3953 (τινας.)
2113 3890 2172 3936 11
2215 3884 2336 3937 loco
2367 3902 2398 3943 ς
2430 3884 2529 3951 (ed.
2563 3883 2740 3937 Basiz.
2767 3886 2947 3949 1533),

654 3964 825 4032 longo
855 3966 906 4015 ,Ω
946 3965 1023 4031 (et
1059 3962 1231 4032 longo
1267 3980 1366 4016 om.
1399 3964 1453 4033 δ)
1598 3963 1747 4016 ludis
1787 3968 1844 4017 et
1873 3980 2074 4017 scaena
2103 3965 2428 4031 Stephanus,
2465 3963 2628 4016 ludos
2667 3965 2726 4017 et
2753 3965 2946 4030 sc(a)e-

654 4058 785 4097 nam
816 4046 884 4109 Ω,
924 4042 983 4095 in
1020 4042 1184 4095 ludos
1224 4046 1281 4095 et
1311 4060 1381 4096 sc.
1416 4062 1475 4109 ς,
1512 4060 1613 4112 per
1647 4043 1812 4096 ludos
1851 4046 1908 4095 et
1945 4061 2018 4098 sc.
2051 4046 2244 4099 Burm.
2285 4048 2530 4112 (practer
2558 4060 2664 4112 pro
2701 4046 2948 4111 praeter-

654 4141 825 4193 quam
848 4122 1230 4192 Gothosredus)
1378 4130 1441 4177 12
1472 4124 1874 4177 auxisticorum
1897 4126 1970 4178 M
2113 4130 2176 4176 18
2205 4125 2528 4177 uerberauit
2557 4126 2652 4190 M,
2687 4120 2948 4176 uerbera-

654 4205 803 4258 uerit
841 4204 991 4273 HQs
1141 4208 1204 4255 19
1245 4202 1603 4257 exhilabatur
1640 4205 1737 4270 Ι),
1785 4204 2090 4257 exilaratur
2129 4206 2204 4267 P,
2256 4204 2678 4258 exhilarabatur
2713 4203 2852 4272 (exi-
2879 4204 2947 4270 T)

656 4286 854 4339 L'ST
992 4290 1057 4337 *21
1108 4284 1181 4336 ad
1228 4283 1377 4337 hunc
1420 4285 1587 4337 modo
1628 4285 1742 4350 Μ’,
1795 4285 1980 4337 adhuc
2027 4285 2306 4337 modicum
2349 4286 2402 4339 V
2535 4289 2604 4337 22
2654 4300 2689 4338 a
2733 4298 2794 4337 se
2839 4282 2948 4337 fre—

656 4365 955 4433 quentauit
996 4364 1065 4429 G,
1104 4364 1177 4415 ad
1216 4380 1275 4417 se
1310 4364 1388 4416 fr-
1427 4365 1567 4430 HR,
1608 4381 1665 4418 se
1705 4365 1776 4418 fr·
1812 4367 1881 4418 M
1895 4366 1964 4433 Q,
2001 4365 2449 4431 refrequentauit
2487 4368 2542 4417 X
2549 4363 2562 4381 ‘
2587 4362 2693 4431 .(ab
2731 4380 2791 4417 se
2829 4364 2945 4417 edd.

654 4464 774 4498 cum
798 4463 831 4503 ς
860 4452 909 4497 et
930 4445 1224 4511 Beroaldo)
1356 4449 1423 4497 24
1461 4445 1708 4511 quodam
1737 4446 1902 4497 modo
1933 4446 2033 4499 del.
2055 4446 2289 4512 Lipsius
2308 4446 2378 4497 al.
2509 4450 2576 4497 26
2614 4444 2674 4497 in
2701 4459 2947 4497 suam—-

603 4523 611 4532 '
656 4524 938 4577 coloniam
982 4526 1029 4575 Τ
1170 4528 1236 4576 28
1278 4518 1627 4578 ᾶεὶἰοθτεἼιῙ
1767 4530 1835 4576 30
1878 4528 1936 4576 at
1975 4525 2068 4593 gad
2099 4526 2172 4593 1²)
2213 4526 2312 4578 del.
2355 4526 2586 4579 Casaub.
