3259 5209
551 1003 586 1050 4

526 2050 615 2118 15

566 2496 597 2542 2

622 397 747 462 128
1322 395 1379 451 C.
1419 395 1735 452 SVETONI
1769 393 2217 459 TRANQVILLI

618 562 703 626 tis
750 561 1163 626 conlucerent
1210 559 1496 646 ignibus3
1550 564 1615 623 et
1661 581 1839 643 mox,
1892 580 2034 624 cum
2084 555 2422 641 Iilyricum
2468 560 2694 640 petens
2741 556 2927 620 iuxta

619 667 956 731 Patauium
1010 667 1247 731 adisset
1286 663 1598 751 Geryonis
1647 665 1996 748 oraculum,
2045 667 2216 728 sorte
2264 667 2485 748 tracta,
2533 685 2662 747 qua
2709 683 2930 726 mone-

620 774 814 838 batur
867 778 942 837 ut
996 773 1073 837 de
1130 772 1713 838 consultationibus
1769 773 1836 836 in
1892 771 2116 856 Aponi
2164 772 2412 836 fontem
2473 770 2640 835 talos
2695 790 2926 834 aureos

623 881 876 964 iaceret,
922 880 1137 945 euenit
1182 885 1257 944 ut
1302 901 1623 944 summum
1671 901 2011 943 numerum
2051 878 2201 942 iacti
2249 877 2330 941 ab
2370 899 2445 942 eo
2484 877 2927 960 ostenderent3

623 987 943 1070 hodieque
988 987 1109 1050 sub
1156 1009 1323 1070 aqua
1368 986 1670 1050 uisuntur
1715 986 1784 1050 hi
1831 986 1964 1050 tali.
2049 989 2196 1050 ante
2241 1005 2480 1068 paucos
2524 1005 2681 1048 uero
2730 1005 2927 1068 quam

626 1097 1037 1158 reuocaretur
1092 1093 1225 1158 dies
1281 1094 1498 1177 aquila
1551 1115 1906 1177 numquam
1961 1097 2150 1156 antea
2196 1091 2412 1155 Rhodi
2469 1095 2814 1174 conspecta
2859 1089 2928 1154 in

627 1200 907 1267 culmine
956 1201 1183 1264 domus
1229 1201 1367 1264 eius
1412 1201 1677 1284 assedit3
1725 1202 1788 1264 et
1834 1199 2041 1284 pridie
2079 1221 2274 1283 quam
2322 1198 2400 1262 de
2441 1197 2654 1262 reditu
2693 1197 2931 1262 certior

626 1309 828 1393 fieret,
873 1308 1259 1371 uestimenta
1300 1307 1575 1372 mutanti
1613 1307 1833 1371 tunica
1871 1306 2091 1370 ardere
2128 1306 2271 1370 uisa
2315 1309 2428 1370 est.
2512 1303 2928 1388 Thrasyllum

628 1436 883 1498 quoque
930 1414 1483 1496 mathematicum,
1540 1435 1731 1498 quem
1777 1415 1850 1477 ut
1897 1413 2247 1497 sapientiae
2303 1412 2734 1496 professorem
2781 1431 2931 1475 con-

628 1520 927 1586 tubernio
983 1521 1383 1605 admouerat,
1438 1526 1579 1585 tum
1641 1521 1917 1584 maxime
1978 1525 2280 1604 expertus
2341 1523 2436 1583 est
2496 1519 2926 1583 affirmantem

628 1649 792 1691 naue
846 1627 1109 1712 prouisa
1163 1628 1471 1714 gaudium
1527 1628 1769 1713 afferri3
1825 1649 1970 1691 cum
2028 1627 2286 1710 quidem
2342 1626 2530 1690 illum
2589 1624 2812 1688 durius
2869 1627 2934 1687 et

630 1738 854 1798 contra
911 1735 1237 1819 praedicta
1296 1735 1672 1799 cadentibus
1735 1734 1928 1797 rebus
1993 1739 2065 1797 ut
2130 1733 2364 1797 falsum
2421 1735 2484 1796 et
2541 1723 2930 1796 secretorum

630 1845 870 1905 temere
916 1842 1261 1926 conscium,
1308 1863 1383 1906 eo
1432 1842 1571 1925 ipso
1620 1845 1968 1923 moment0‚
2018 1841 2170 1904 dum
2209 1840 2526 1923 spatiatur
2563 1861 2708 1921 una,
2753 1859 2935 1922 prae-

633 1948 902 2032 cipitare
949 1949 1016 2011 in
1064 1970 1238 2013 mare
1286 1948 1681 2012 destinasset.

816 2053 1089 2119 Romam
1145 2077 1437 2120 reuersus
1485 2055 1758 2119 deducto
1817 2056 1882 2118 in
1928 2055 2140 2118 forum
2185 2055 2325 2118 filio
2371 2052 2586 2117 Druso
2634 2052 2852 2116 statim
2901 2075 2936 2116 e

634 2159 885 2225 Carinis
942 2184 1017 2227 ac
1073 2163 1465 2245 Pompeiana
1512 2163 1703 2226 domo
1752 2161 2079 2245 Esquilias
2126 2163 2192 2224 in
2240 2161 2466 2225 hortos
2513 2159 2936 2225 Maecenatia—

634 2291 751 2332 nos
807 2270 1298 2354 transmigrauit
1352 2272 1694 2352 totumque
1747 2291 1814 2334 se
1870 2269 1952 2333 ad
1997 2269 2278 2352 quietem
2327 2267 2623 2351 contulit,
2681 2267 2938 2350 priuata

638 2375 828 2439 modo
877 2375 1091 2440 officia
1138 2376 1361 2439 obiens
1407 2398 1483 2441 ac
1527 2376 1936 2459 publicorum
1983 2397 2320 2440 munerum
2370 2395 2612 2459 expers

772 2480 929 2546 Gaio
997 2486 1059 2546 et
1132 2481 1334 2548 Lucio
1400 2483 1573 2547 intra
1636 2483 1984 2547 triennium
2057 2481 2377 2547 defunctis
2443 2481 2792 2565 adoptatur
2853 2479 2937 2543 ab

636 2587 935 2675 Augusto
984 2589 1176 2652 simul
1223 2611 1371 2654 cum
1428 2590 1626 2653 fratre
1675 2611 1893 2664 eorum
1944 2587 2028 2652 M.
2068 2588 2380 2675 Agrippa,
2438 2592 2700 2653 coactus
2758 2587 2940 2671 prius

638 2695 773 2778 ipse
824 2693 1275 2759 Germanicum
1330 2695 1546 2760 fratris
1602 2696 1702 2760 sui
1756 2696 1964 2760 filium
2013 2696 2335 2778 adoptare.
2427 2716 2547 2760 nec
2594 2694 2941 2778 quicquam

639 2806 866 2886 postea
928 2783 1046 2886 pro
1114 2807 1294 2885 patre
1357 2801 1639 2866 familias
1704 2803 1839 2888 egit
1903 2806 2015 2866 aut
2063 2804 2191 2888 ius,
2256 2802 2425 2885 quod
2475 2802 2802 2886 amiserat,
2861 2823 2941 2865 ex

638 2909 772 2972 ulla
818 2914 998 2993 parte
1044 2909 1329 2974 retinuit.
1420 2931 1569 2973 nam
1607 2931 1815 2992 neque
1853 2910 2120 2973 donauit
2166 2930 2372 2992 neque
2421 2909 2814 2991 manumisit,
2859 2929 2940 2972 ne

638 3015 1061 3080 hereditatem
1118 3017 1378 3100 quidem
1432 3020 1545 3080 aut
1600 3016 1814 3102 legata
1868 3016 2154 3101 percepit
2208 3016 2342 3080 ulla
2393 3015 2580 3079 aliter
2627 3038 2820 3099 quam
2866 3019 2942 3079 ut

640 3123 893 3206 peculio
942 3125 1210 3186 referret
1256 3127 1535 3207 accepta.
1629 3122 1794 3186 nihil
1832 3144 1912 3186 ex
1958 3144 2032 3187 eo
2079 3127 2370 3206 tempore
2417 3122 2942 3206 praetermissum
2969 3143 2994 3182 ε

642 3234 740 3293 est
786 3229 865 3292 ad
911 3229 1314 3293 maiestatem
1363 3229 1498 3293 eius
1545 3229 1904 3316 augendam
1953 3251 2026 3294 ac
2073 3229 2277 3293 multo
2325 3231 2552 3316 magia,
2598 3233 2940 3314 postquam

642 3335 937 3422 Agrippa
992 3336 1288 3401 abdicato
1344 3341 1537 3420 atque
1594 3338 1878 3422 seposito
1927 3342 2170 3400 certum
2217 3341 2371 3418 erat,
2417 3337 2530 3401 uni
2579 3358 2758 3422 spem
2805 3357 2944 3400 suc-

540 3436 628 3501 16
651 3443 955 3508 cessionis
1002 3444 1397 3525 incumbere3
1446 3443 1593 3508 data
1639 3465 1860 3508 rursus
1908 3446 2195 3527 potestas
2251 3443 2600 3510 tribunicia
2649 3443 2716 3507 in
2762 3443 2942 3527 quin-

644 3550 1022 3631 quennium,
1079 3550 1408 3636 delegatus
1463 3551 1786 3634 pacandae
1846 3550 2224 3614 Germaniae
2271 3554 2508 3634 status,
2553 3549 2946 3615 Parthorum

788 3728 820 3776 8
868 3725 1041 3779 Schol.
1083 3727 1211 3778 Ita-u.
1246 3731 1305 3790 6,
1336 3730 1444 3780 576
1499 3725 1830 3793 Thrasyllus
1877 3726 2182 3779 multarum
2231 3725 2438 3779 artium
2485 3726 2782 3780 scientiam
2818 3743 2948 3795 pro-

646 3803 827 3858 fessus
872 3808 1156 3874 postremo
1214 3823 1273 3860 se
1322 3806 1480 3861 dedit
1524 3805 1852 3860 Platonicae
1910 3809 2097 3860 sectae
2145 3822 2212 3859 ac
2259 3806 2462 3859 deinde
2507 3806 2767 3860 mathesi.
2835 3823 2949 3874 qua

646 3884 948 3954 praecipue
994 3885 1183 3955 uiguit
1228 3887 1377 3954 apud
1425 3886 1738 3950 Tiberium,
1788 3903 1916 3940 cum
1962 3903 2071 3955 quo
2120 3887 2223 3940 sub
2270 3886 2481 3941 honore
2517 3886 2772 3941 eiusdem
2810 3887 2949 3940 artis

648 3965 931 4018 artissima
977 3964 1365 4020 familiaritate
1411 3967 1570 4020 uixit.
1648 3983 1816 4034 quem
1860 3971 2060 4036 postea
2105 3966 2362 4020 Tiberiu-
2409 3967 2470 4020 in
2515 3966 2704 4020 insula
2748 3967 2948 4020 Rhodo

648 4046 1021 4115 praecipitare
1058 4046 1241 4100 uoluit
1276 4048 1337 4100 in
1373 4047 1641 4117 pelagum
1677 4049 1839 4114 quasi
1879 4048 2162 4101 conscium
2192 4048 2500 4116 promissae
2528 4047 2947 4101 domina-tionis,

649 4142 814 4193 quem
852 4124 1046 4180 dolum
1084 4143 1209 4179 cum
1246 4128 1576 4196 praesensit,
1614 4127 1779 4198 fugit.

794 4294 824 4340 5
864 4287 921 4340 hi
953 4287 1054 4356 (hii
1081 4289 1192 4358 QS)
1222 4287 1350 4358 tali]
1374 4287 1511 4341 *tali
1540 4289 1579 4356 (i
1610 4306 1768 4343 erasa
1780 4290 1828 4356 ἕ)
1851 4290 1919 4354 P,
1947 4287 2009 4340 In
2039 4288 2203 4341 italia
2223 4288 2275 4341 G·
2394 4293 2422 4340 7
2455 4303 2624 4355 quam
2653 4287 2878 4341 redditu
2907 4287 2958 4338 V

656 4373 718 4420 10
739 4367 1063 4421 admoratG
1134 4385 1258 4421 cum
1271 4369 1503 4436 Bentley
1578 4375 1644 4421 16
1666 4368 1947 4436 esqualias
1962 4370 2035 4422 M
2107 4374 2170 4421 18
2193 4384 2485 4422 numerum
2503 4369 2575 4420 M
2577 4369 2630 4422 R
2709 4373 2772 4421 19
2795 4366 2952 4420 bien-

652 4447 805 4500 nium
830 4449 1143 4502 Glareanus
1251 4448 1632 4517 adoptabatur
1656 4450 1706 4502 G
1819 4454 1885 4501 22
1916 4449 2094 4517 patris
2120 4449 2170 4504 G
2271 4447 2422 4517 quod
2451 4448 2756 4516 adoptione
2787 4465 2820 4507 ς
2849 4449 2951 4516 (ed.

666 4529 788 4582 Ven.
812 4531 860 4593 J,
890 4529 1062 4599 παῖς.)
1167 4534 1233 4581 28
1264 4528 1598 4582 decennium
1614 4530 1794 4599 Beryk
1825 4530 1912 4596 (ef.
1939 4531 2082 4599 Auy.
2103 4533 2195 4598 27)
2300 4533 2366 4580 29
2395 4528 2686 4597 pacandus
2717 4529 2952 4583 Casaub.

2962 1543 3022 1581 1⁰

2967 2077 3023 2116 15
