3259 5209
969 435 1189 490 DIVVS
1226 436 1607 491 AVGVSTVS
1649 448 1778 497 [cu.
1811 448 1986 497 ιιι-31]
2515 437 2596 501 61

296 602 536 687 partim
602 600 906 683 auspiciis
970 600 1105 663 suis
1174 597 1611 683 Cantabriam,
1677 599 2125 683 Aquitaniam,
2185 598 2602 683 Pannoniam,

298 708 688 773 Delmatiam
736 729 882 771 cum
919 704 1180 790 Illyrico
1228 708 1423 790 omni,
1469 707 1625 770 item
1665 706 1958 771 Raetiam
2005 710 2070 770 et
2109 704 2481 771 Vindelicos
2529 727 2603 772 ac

298 814 621 897 Salassos,
668 816 891 899 gentes
938 812 1283 896 Inalpinas.
1376 815 1661 878 coercuit
1717 817 1780 876 et
1827 810 2148 878 Dacorum
2206 814 2602 877 incursiones

297 922 514 986 tribus
560 942 780 985 eorum
829 920 1100 984 ducibus
1150 942 1297 984 cum
1343 941 1579 1006 magna
1627 921 1814 1002 copia
1861 922 2076 1003 caesis„
2123 917 2604 1004 Germanosque

239 1051 267 1090 5
298 1028 477 1092 ultra
520 1026 743 1091 Albim
788 1027 1059 1091 fluuium
1108 1028 1486 1108 summouit,
1542 1046 1620 1090 ex
1669 1027 1904 1109 quibus
1953 1026 2198 1092 Suebos
2245 1030 2310 1091 et
2357 1025 2604 1112 Sigam-

300 1136 457 1198 bros
504 1133 791 1198 dedentis
828 1154 897 1196 se
934 1132 1225 1197 traduxit
1263 1134 1329 1195 in
1369 1130 1648 1197 Galliam
1689 1136 1880 1216 atque
1919 1134 1988 1197 in
2022 1133 2336 1217 proximis
2371 1132 2602 1197 Rheno

298 1241 475 1327 agris
534 1240 916 1305 conlocauit.
1000 1240 1160 1303 alias
1215 1240 1369 1303 item
1423 1239 1722 1304 nationes
1777 1240 1946 1303 male
2002 1241 2250 1322 quietas
2299 1238 2379 1303 ad
2425 1237 2605 1304 obse-

298 1350 527 1431 quium
574 1346 839 1433 redegit.
927 1368 1047 1411 nec
1094 1346 1213 1411 ulli
1258 1346 1439 1432 genti
1486 1347 1623 1409 sine
1672 1348 1862 1409 iustis
1921 1350 1984 1409 et
2035 1348 2412 1410 necessariis
2460 1368 2604 1410 cau-

300 1456 393 1517 sis
441 1453 681 1518 bellum
731 1452 955 1517 intulit
1003 1446 1385 1536 tantumque
1432 1453 1597 1517 afuit
1646 1475 1684 1516 a
1722 1452 2073 1536 cupiditate
2112 1474 2370 1537 quoquo
2411 1454 2601 1517 modo

210 1583 273 1623 10
300 1562 647 1645 imperium
692 1559 797 1623 uel
852 1558 1151 1625 bellicam
1198 1559 1474 1645 gloriam
1530 1560 1833 1645 augendi,
1892 1563 1966 1623 ut
2013 1559 2414 1643 quorundam
2460 1560 2602 1624 bar-

300 1667 604 1731 barorum
669 1668 995 1751 principes
1066 1667 1135 1729 in
1198 1663 1351 1731 aede
1424 1664 1655 1729 Martis
1722 1665 1972 1730 Vltoris
2045 1668 2253 1729 iurare
2320 1668 2603 1753 coegerit

300 1794 643 1837 mansuros
708 1795 775 1837 se
841 1774 910 1836 in
963 1772 1088 1836 fide
1144 1794 1219 1837 ac
1278 1795 1433 1857 pace
1490 1796 1683 1857 quam
1739 1778 2056 1857 peterent,
2123 1795 2160 1836 a
2216 1773 2602 1857 quibusdam

300 1901 457 1943 uero
521 1901 765 1944 nouum
829 1901 1035 1965 genus
1096 1879 1421 1962 obsidum,
1486 1879 1788 1962 feminaS,
1851 1881 2105 1966 exigere
2166 1881 2604 1963 temptauerit,

303 1986 477 2070 quod
523 1987 863 2072 neglegere
918 2008 1167 2051 marum
1224 1988 1493 2072 pignera
1549 1987 1896 2071 sentiebat;
1949 1993 2014 2050 et
2059 1990 2277 2050 tamen
2322 1990 2602 2070 potesta-

212 2114 272 2154 ιε
300 2097 435 2157 tem
502 2114 752 2176 semper
813 2093 1117 2157 omnibus
1182 2092 1367 2177 fecit,
1441 2094 1741 2176 quotiens
1815 2093 2060 2157 uellent
2134 2092 2386 2157 obsides
2450 2094 2606 2157 reci·
2705 2172 2710 2177 ,

300 2199 537 2283 piendi.
628 2220 835 2282 neque
888 2203 1002 2262 aut
1059 2200 1343 2264 crebrius
1398 2204 1513 2263 aut
1571 2199 1978 2283 perfidiosius
2033 2200 2407 2263 rebellantis
2461 2221 2603 2285 gra-
2704 2224 2720 2239 ·

300 2307 483 2369 uiore
538 2327 845 2388 umquam
902 2304 1081 2369 ultus
1136 2310 1236 2369 est
1282 2326 1516 2389 poena,
1573 2328 1766 2389 quam
1822 2310 1897 2369 ut
1945 2307 2240 2390 captiuos
2297 2306 2416 2369 sub
2462 2306 2604 2391 lege

300 2410 727 2493 uenundaret,
781 2434 860 2475 ne
908 2412 977 2475 in
1025 2411 1238 2475 uicina
1282 2413 1544 2498 regione
1591 2414 1906 2476 seruirent
1951 2433 2112 2476 neue
2159 2412 2330 2476 intra
2375 2415 2606 2477 tricen-

302 2519 541 2581 simum
615 2539 853 2581 annum
926 2518 1369 2582 liberarentur.
1476 2541 1601 2602 qua
1675 2519 1942 2582 uirtutis
2015 2520 2603 2603 moderationisque

214 2646 273 2685 ὀ
300 2623 477 2687 fama
522 2622 717 2687 Indos
764 2624 959 2689 etiarn
1015 2646 1091 2689 ac
1140 2623 1415 2709 Scythas
1471 2625 1694 2690 auditu
1755 2626 1944 2689 modo
1995 2626 2292 2711 cognitos
2338 2626 2604 2709 pellexit

451 2842 477 2889 1
520 2837 757 2904 Eutrop.
790 2837 913 2890 VII
941 2841 976 2890 9
1020 2835 1269 2889 Romano
1310 2835 1520 2889 adiecit
1556 2834 1793 2904 imperio
1823 2838 2142 2904 Aegyptum
2185 2838 2256 2894 (u.
2290 2852 2347 2904 p.
2381 2838 2603 2903 59,18),

303 2916 688 2983 Cantabriam,
726 2914 1089 2983 Dalmatiam,
1128 2931 1297 2986 saepe
1337 2918 1469 2969 ante
1498 2916 1710 2969 uictam
1741 2916 1840 2969 sed
1868 2916 2096 2984 penitus
2125 2919 2261 2969 tunc
2291 2914 2602 2983 subactam,

302 2996 673 3061 Pannoniam,
712 2996 1097 3063 Aquitaniam,
1134 2995 1438 3064 Illyricum,
1475 2996 1754 3061 Raetiam,
1793 2996 2118 3049 Vindelicos
2157 3000 2214 3049 et
2253 2996 2506 3049 Salassos
2542 2996 2604 3049 in

302 3074 547 3144 Alpibus
690 3073 833 3126 uicit
868 3076 1057 3129 autem
1096 3074 1377 3148 (multis)
1415 3076 1644 3144 proeliis
1673 3076 1875 3141 Dacos,
1905 3075 2306 3129 Germanorum
2345 3076 2603 3144 ingentes

305 3154 499 3223 copias
543 3154 775 3220 cecidit,
825 3152 977 3221 ipsos
1024 3172 1247 3222 quoque
1293 3158 1453 3209 trans
1500 3156 1692 3208 Albim
1740 3155 1976 3209 fluuium
2022 3157 2351 3223 summouit,
2398 3156 2496 3224 qui
2543 3156 2602 3208 in

302 3233 603 3288 barbarico
638 3233 807 3303 longe
844 3233 996 3287 ultra
1022 3234 1281 3288 Rhenum
1319 3238 1405 3289 est
1442 3253 1542 3304 eqa
1583 3239 1658 3305 (u.
1699 3237 1774 3290 ad
1820 3238 1932 3291 Tib.
1967 3240 2036 3303 9).
2113 3236 2266 3306 Epit.
2310 3242 2360 3303 1,
2391 3241 2424 3289 7
2462 3234 2604 3289 Can-

304 3314 497 3368 tabros
528 3316 587 3368 et
614 3314 946 3381 Aquitanos,
974 3314 1201 3382 Raetos,
1227 3315 1566 3377 Vindelicos,
1600 3314 1894 3369 Dalmatas
1924 3332 2153 3369 numero
2183 3316 2602 3385 prouinciarum

302 3394 517 3463 populo
567 3394 823 3448 Romano
870 3394 1175 3449 coniunxit.
1262 3396 1473 3449 Sueuos
1523 3395 1829 3463 Cattosque
1887 3396 2125 3459 deleuit,
2175 3396 2496 3465 Sigambros
2543 3396 2603 3448 in

304 3473 549 3528 Galliam
580 3473 885 3528 transtulit.
927 3474 1245 3529 Pannonios
1274 3476 1675 3545 stipendiarios
1704 3475 1930 3528 adiecit.
1969 3479 2038 3540 ct.
2065 3477 2246 3530 Victor
2264 3478 2531 3539 Caes.1,2

304 3562 339 3609 8
376 3554 533 3623 Epic.
576 3560 635 3619 1,
664 3561 737 3608 10
786 3554 928 3607 adeo
1094 3556 1312 3623 turbas,
1369 3554 1544 3622 bella,
1611 3555 1929 3608 simultates
1987 3558 2307 3609 exsecratus
2363 3559 2474 3620 est,
2540 3557 2606 3608 ut

302 3633 415 3688 nisi
461 3634 627 3687 iustis
674 3634 743 3687 de
791 3635 975 3688 causis
1022 3652 1331 3704 numquam
1383 3637 1541 3705 genti
1598 3635 1860 3702 cuiquam
1907 3634 2119 3690 bellum
2175 3636 2458 3690 indixerit.

306 3720 375 3767 20
412 3715 651 3783 Eutrop.
694 3715 815 3768 VII
845 3720 933 3781 10,
963 3720 992 3767 1
1043 3715 1287 3783 Scythae
1325 3721 1383 3770 et
1426 3716 1577 3781 Indi,
1631 3715 1836 3783 quibus
1885 3720 2054 3769 antea
2091 3716 2468 3769 Romanorum
2505 3732 2602 3769 no-

302 3810 435 3848 men
479 3794 831 3863 incognitum
884 3794 1021 3861 fuit,
1076 3812 1311 3849 munera
1366 3799 1424 3849 et
1467 3796 1687 3864 legatos
1743 3796 1816 3849 ad
1872 3812 2000 3849 eum
2044 3796 2335 3850 miserunt.
2422 3798 2604 3851 Victor

306 3874 456 3929 Caes.
500 3880 547 3942 1,
580 3879 613 3927 7
660 3876 727 3927 ut
770 3874 913 3941 Indi,
962 3875 1232 3942 Scythae,
1280 3876 1650 3929 Garamantes
1699 3892 1765 3928 ac
1815 3876 2000 3928 Bactri
2046 3877 2265 3944 legatos
2312 3877 2604 3930 mitterent

304 3955 519 4008 orando
556 3953 785 4007 foederi.
860 3956 1016 4023 Epit.
1050 3961 1100 4021 1,
1130 3960 1165 4008 9
1203 3956 1276 4009 ad
1304 3956 1453 4009 hunc
1481 3956 1623 4019 Indi,
1664 3956 1923 4023 Scythae,
1955 3958 2343 4021 Garamantes,
2372 3957 2601 4009 Aethio—

450 4164 481 4211 3
522 4157 827 4227 cisalpinas
846 4160 915 4226 P,
945 4158 1165 4228 alpinas
1193 4162 1241 4211 Τ
1372 4164 1403 4211 ὅ
1435 4158 1607 4212 albim
1638 4162 1700 4212 H
1711 4160 1772 4229 Q,
1802 4160 1952 4213 abirn
1977 4162 2050 4214 M
2061 4161 2128 4225 G,
2158 4160 2292 4213 abin
2324 4160 2599 4229 VL(P¹?),

308 4238 487 4293 albini
533 4240 737 4308 (potius
782 4256 945 4307 quam
982 4238 1157 4292 albim
1188 4240 1261 4307 R>
1302 4239 1473 4292 RPS
1508 4241 1589 4304 (in
1627 4241 1683 4292 P
1716 4246 1842 4293 m.2
1882 4242 1940 4293 in
1976 4243 2135 4309 raa),
2182 4239 2433 4293 albinum
2480 4242 2529 4293 Τ

308 4317 508 4373 seubos
540 4320 625 4387 M,
665 4334 835 4373 sueuo
878 4319 939 4384 V,
976 4335 1177 4373 sueuos
1214 4320 1306 4372 rel.
1348 4322 1567 4387 (quarta
1608 4320 1708 4373 litt.
1749 4321 1810 4372 in
1838 4338 1947 4374 ras.
1981 4321 2072 4386 R),
2111 4320 2285 4373 Vbios
2317 4322 2603 4374 Kossinna

306 4416 429 4454 cum
456 4400 682 4454 Pithoeo
854 4399 1165 4469 sigambros
1200 4404 1271 4455 Μ
1283 4402 1451 4467 VLs,
1504 4400 1609 4453 sic·
1644 4401 1980 4460 GHRPST,
2035 4417 2154 4454 sac·
2189 4400 2259 4470 Q,
2305 4402 2431 4467 fort.
2463 4401 2599 4468 Sug-

306 4480 525 4547 sm‘psit
543 4478 837 4534 Suetonius
963 4484 1027 4531 14
1056 4479 1341 4548 neglerem
1368 4496 1527 4532 arum
1550 4482 1645 4535 211¹
1674 4482 1934 4549 (marium
1955 4481 2118 4549 LSQ)
2243 4481 2480 4550 pignora
2501 4484 2608 4534 ΧΤ

310 4564 338 4612 7
376 4558 653 4613 multatus
696 4561 744 4612 Y
