3259 5209
285 1035 313 1074 δ

1232 423 1433 477 NERO
1472 434 1602 484 [car.
1635 437 1811 485 so-sel
2506 429 2634 492 257

340 587 516 648 certe
569 605 777 668 neque
831 585 1178 650 adueniens
1231 607 1439 669 neque
1502 586 1917 669 proficiscens
1972 610 2355 672 quemquam
2416 592 2636 656 osculo

341 691 659 772 impertiit
703 713 779 756 ac
822 713 904 756 ne
949 691 1408 758 resalutatione
1455 692 1743 778 quidem3
1790 699 1857 760 et
1899 695 1969 758 in
2009 697 2399 780 auspicando
2448 718 2638 781 opere

341 795 744 882 Isth[i]mi[i]
806 821 1042 884 magna
1099 799 1460 882 frequentia
1518 799 1688 864 clare
1746 805 1831 865 ut
1888 802 2039 866 sibi
2088 824 2172 866 ac
2222 798 2507 887 populo
2559 801 2635 867 R.

339 904 532 968 bene
577 925 696 968 res
744 911 1086 970 uerteret
1133 908 1384 990 optauit
1432 906 1832 973 dissimulata
1878 913 2136 975 senatus
2183 911 2525 974 mentione.

525 1009 652 1074 Sed
695 1033 815 1076 nec
867 1012 1110 1096 populo
1159 1017 1270 1078 aut
1326 1013 1663 1078 moenibus
1711 1017 1957 1097 patriae
2002 1017 2304 1100 pepercit.
2388 1016 2638 1082 dicente
2650 1015 2743 1083 38

342 1117 622 1200 quodam
669 1120 740 1182 in
787 1139 1080 1184 sermone
1125 1121 1452 1184 communi
1497 1121 1695 1202 <tv-aq.
1728 1123 1847 1204 fry.
1886 1122 2093 1204 adesp.
2141 1127 2335 1202 513>:

808 1225 972 1309 ἐμοῦ
1019 1228 1354 1303 θανόντος
1398 1238 1554 1308 γαῖα
1598 1230 1935 1312 μειχθήτω
1981 1231 2165 1310 πυρί,

341 1333 598 1414 immo,
643 1332 872 1414 inquit,
921 1330 1110 1414 ἐμοῦ
1159 1336 1469 1414 ζῶντος,
1515 1335 1831 1417 planeque
1878 1336 1969 1399 ita
2015 1335 2182 1400 fecit.
2264 1357 2415 1401 nam
2453 1338 2635 1418 quasi

341 1437 625 1501 offensus
673 1436 1082 1501 deformitate
1137 1442 1427 1502 ueterum
1485 1439 1919 1504 aedificiorum
1970 1445 2033 1506 et
2080 1444 2397 1526 angustiis
2444 1443 2637 1508 flexu-

259 1569 315 1608 ιο
341 1545 560 1626 risque
606 1545 924 1628 uicorum,
971 1545 1256 1609 incendit
1297 1545 1521 1610 urbem
1569 1550 1699 1610 tam
1751 1549 1992 1631 palam,
2036 1553 2112 1612 ut
2156 1549 2445 1634 plerique
2490 1571 2635 1614 con-

257 2103 310 2142 15

341 1652 584 1714 sulares
650 1649 1078 1716 cubicularios
1144 1653 1278 1715 eius
1344 1672 1488 1716 cum
1555 1657 1791 1736 stuppa
1852 1654 2164 1740 taedaque
2228 1658 2295 1720 in
2358 1656 2636 1740 praediis

341 1758 476 1820 suis
541 1757 968 1840 deprehensos
1044 1779 1175 1822 non
1239 1759 1598 1843 attigerint,
1673 1765 1737 1824 et
1802 1761 2111 1842 quaedam
2177 1763 2407 1827 horrea
2470 1765 2636 1828 circa
2701 1779 2721 1791 “

340 1862 604 1926 domum
673 1863 980 1947 Auream,
1047 1887 1320 1947 quorum
1387 1867 1667 1948 spatium
1732 1869 2009 1931 maxime
2073 1868 2499 1950 desiderabat,
2562 1873 2637 1933 ut

341 1969 594 2034 bellicis
639 1971 952 2036 machinis
998 1971 1314 2036 labefacta
1360 1977 1551 2055 atque
1599 1973 1996 2038 inflammata
2042 1977 2190 2058 sint,
2236 1977 2409 2058 quod
2446 1998 2635 2042 saxeo

343 2099 528 2141 muro
588 2083 954 2141 constructa
1009 2083 1204 2142 erant.
1297 2101 1412 2162 per
1467 2101 1578 2142 sex
1643 2080 1777 2143 dies
1843 2085 2214 2165 septemque
2276 2087 2497 2148 noctes
2562 2106 2637 2147 ea

342 2182 520 2248 clade
567 2186 888 2248 saeuitum
941 2189 1039 2248 est
1095 2185 1178 2248 ad
1222 2191 1785 2251 monumentorum
1834 2187 2299 2272 bustorumque
2346 2190 2636 2254 deuerso-

339 2293 436 2354 ria
483 2290 670 2374 plebe
717 2291 1062 2374 compulsa.
1135 2296 1289 2354 tunc
1335 2296 1587 2375 praeter
1643 2295 2025 2360 immensum
2082 2317 2420 2360 numerum
2466 2298 2636 2360 insu-

485 2481 654 2544 9sqq.
695 2476 929 2543 Eutrop.
964 2476 1086 2528 VII
1106 2479 1194 2540 14,
1213 2479 1248 2529 3
1285 2476 1480 2528 urbem
1508 2476 1747 2530 Romam
1780 2477 2049 2546 incendit,
2085 2483 2151 2532 ut
2178 2479 2487 2549 spectaculi
2515 2480 2634 2534 eius

340 2555 648 2624 imaginem
687 2557 964 2620 comeret,
1011 2554 1168 2622 quali
1207 2555 1341 2608 olim
1387 2553 1556 2609 Troia
1594 2559 1763 2625 capta
1802 2561 2030 2611 arserat.
2097 2560 2247 2613 Oros.
2278 2559 2402 2613 VII
2426 2566 2474 2626 7,
2494 2566 2636 2616 4—‘7

337 2635 494 2688 urbis
525 2635 738 2689 Romae
775 2635 1098 2688 incendium
1135 2634 1448 2704 uoluptatis
1487 2650 1622 2689 snae
1660 2636 2042 2704 spectaculum
2070 2637 2205 2692 fecit
2242 2640 2534 2710 (hucusque
2570 2660 2636 2696 ea:

339 2716 645 2784 EutropiO,
686 2715 900 2784 reliqua
936 2732 1004 2768 ex
1040 2715 1233 2784 ὅπως
1281 2732 1382 2784 per
1419 2731 1516 2769 sex
1553 2715 1675 2769 dies
1723 2719 2052 2786 septemque
2088 2721 2281 2774 noctes
2320 2721 2521 2774 ardens
2559 2722 2633 2774 ci-

341 2794 491 2848 uitas
510 2796 698 2864 regios
718 2793 882 2864 pauit
902 2797 1186 2863 aspectum
1215 2795 1414 2849 horrea
1434 2796 1650 2865 quadro
1672 2799 1886 2851 structa
1908 2797 2099 2868 lapide
2126 2816 2474 2870 magnaeque
2502 2801 2635 2855 illae

338 2877 594 2928 ueterum
639 2873 883 2938 insulae,
938 2891 1076 2942 quas
1125 2875 1440 2930 discurrens
1487 2876 1643 2930 adire
1690 2875 1917 2932 flamma
1962 2895 2074 2932 non
2119 2883 2367 2948 poterat,
2413 2881 2633 2951 magnis

337 2955 617 3010 machinis
656 2955 940 3024 quondam
977 2955 1050 3007 ad
1081 2959 1311 3008 externa
1347 2953 1502 3009 bella
1536 2957 1888 3025 praeparatis
1928 2958 2305 3013 labefactatae
2344 2961 2515 3029 atque
2552 2961 2635 3013 in·-

337 3034 660 3088 flammatae
717 3037 873 3100 sunt,
933 3033 1004 3087 ad
1063 3038 1549 3088 monumentorum
1599 3034 2000 3104 bustorumque
2053 3036 2374 3092 deuersoria
2420 3039 2635 3093 infelici

337 3113 504 3182 plebe
554 3113 841 3182 conpulsa.
899 3114 1048 3183 quod
1097 3114 1220 3183 ipse
1265 3131 1332 3168 ex
1379 3114 1659 3168 altissima
1705 3115 1809 3170 illa
1845 3117 2273 3170 Maecenatiana
2321 3121 2472 3173 turre
2508 3136 2635 3188 pro-

339 3197 602 3264 spectans
651 3193 948 3262 laetusque
997 3194 1286 3262 flammae,
1337 3198 1402 3248 ut
1451 3195 1667 3262 aiebat,
1719 3195 2139 3265 pulchritudine
2178 3199 2395 3268 tragico
2432 3199 2633 3253 habitu

339 3275 426 3342 (cs.
459 3274 698 3342 Eutrop.
732 3274 855 3329 VII
875 3277 972 3340 14,
990 3278 1048 3342 2)
1087 3274 1325 3328 Iliadam
1363 3275 1720 3330 decantabat.
1779 3277 2057 3332 auaritiae
2094 3280 2281 3330 autem
2318 3281 2436 3332 tam
2474 3295 2633 3346 prae-

336 3357 538 3424 ruptae
587 3354 801 3423 extitit,
851 3358 918 3408 ut
953 3358 1083 3425 post
1119 3355 1226 3409 hoc
1271 3355 1594 3410 incendium
1631 3356 1787 3410 urbis
1818 3400 1828 3410 .
1854 3400 1899 3410 ..
1931 3356 2209 3412 neminem
2258 3359 2331 3410 ad
2368 3358 2634 3427 reliquias

338 3451 522 3491 rerum
569 3451 796 3488 suarum
843 3435 1002 3490 adire
1047 3436 1391 3506 permiserit3
1439 3439 1668 3503 cuncta,
1715 3454 1861 3505 quae
1906 3436 2166 3492 flammae
2207 3455 2431 3506 quoquo
2466 3439 2634 3493 modo

337 3515 747 3585 superfuerant,
785 3515 908 3586 ipse
945 3515 1184 3570 abstulit
1220 3534 1322 3586 eqs.
1381 3517 1552 3572 Schol.
1584 3519 1810 3572 Lucani
1837 3525 1889 3584 1,
1919 3523 2027 3574 605
2058 3519 2141 3572 W.
2181 3518 2356 3585 Nem,
2393 3523 2458 3572 ut
2496 3519 2637 3574 dicit

337 3594 656 3662 Suetonius,
691 3595 830 3650 fecit
865 3595 1100 3649 immitti
1135 3597 1326 3666 ignem
1363 3597 1423 3650 in
1461 3596 1716 3666 pluribus
1753 3597 1910 3664 Ιοοίε,
1946 3601 2013 3651 ut
2041 3601 2249 3652 stratae
2278 3599 2637 3653 reficerentur

336 3675 596 3742 maiores,
633 3675 770 3743 quia
807 3675 1050 3730 timebat
1085 3675 1324 3729 interfici
1361 3676 1419 3729 in
1459 3677 1568 3730 uiis
1605 3677 1831 3732 strictis.

480 3841 512 3888 2
552 3851 720 3904 opere
749 3835 965 3889 sthimii
994 3836 1152 3906 (isth-
1175 3837 1247 3904 R,
1278 3837 1416 3890 sith·
1436 3839 1541 3908 11¹)
1564 3840 1639 3892 M
1639 3838 1747 3893 GT
1769 3838 2006 3910 (isthmii
2026 3839 2147 3906 11¹),
2177 3840 2551 3909 operisthimii
2566 3843 2635 3906 L,

337 3931 502 3984 opere
539 3914 730 3968 thimii
757 3917 910 3970 PST
1047 3922 1079 3968 3
1119 3916 1254 3970 dare
1283 3921 1342 3970 X
1459 3918 1547 3989 ac]
1589 3934 1622 3971 a
1652 3923 1710 3972 X
1837 3924 1871 3971 4
1908 3919 2219 3974 intentione
2257 3924 2303 3973 T
2436 3926 2466 3973 6
2507 3938 2633 3974 con-

335 3994 478 4048 uiuii
508 4012 542 4055 ς
581 3995 853 4066 (Εηωειι)
955 4001 985 4048 ⁷
1019 3997 1180 4052 rana
1209 4001 1314 4051 ΧΤ
1423 3999 1752 4052 ΜιχΘΗτω
1784 4000 1870 4068 Μ,
1912 3999 2259 4055 mamm-0)
2289 4000 2389 4056 ιε
2420 4002 2503 4070 (ιη
2539 4003 2639 4056 hoc
2752 4045 2773 4062 .

337 4075 376 4128 Ε
397 4091 506 4143 pro
536 4075 611 4144 Ο)
721 4093 787 4131 88.
827 4093 917 4129 me
939 4075 1214 4131 moriente
1233 4077 1292 4131 in
1313 4093 1380 4130 ea
1406 4077 1540 4148 igne
1567 4080 1630 4131 in
1657 4080 1728 4146 L,
1748 4095 1839 4132 me
1865 4079 2139 4133 moriente
2165 4095 2291 4133 mea
2321 4083 2637 4134 crementur

334 4154 468 4224 igne
496 4155 562 4208 in
587 4155 633 4211 S
756 4160 788 4208 8
828 4155 963 4226 ἐμοῦ
1003 4157 1064 4212 δὲ
1112 4161 1315 4221 ζῶντος
1357 4159 1667 4224 Tmebus,
1711 4175 1779 4212 ss.
1818 4175 1908 4213 me
1945 4160 2175 4213 uiuente
2202 4159 2301 4214 LS
2440 4166 2505 4212 12
2545 4165 2636 4215 co-

335 4234 640 4302 prehensos
673 4235 726 4290 G
908 4241 974 4289 13
1014 4236 1375 4291 desiderabat
1411 4240 1477 4292 ut
1513 4238 1588 4307 (d.
1627 4238 1687 4291 in
1719 4239 1780 4308 Q,
1820 4239 1872 4293 d.
1911 4239 1971 4293 ui
2010 4242 2064 4309 ς)
2093 4242 2161 4306 Ω,
2210 4239 2637 4294 desiderabatur

335 4317 450 4369 Iac.
477 4315 736 4382 Gronov„
765 4317 1026 4371 lacunam
1052 4318 1262 4372 subesse
1288 4320 1603 4387 suspicatur
1636 4318 1794 4385 Oud„
1822 4321 1888 4372 ut
1914 4321 2014 4374 del.
2037 4320 2373 4374 B.-Grusius
2398 4337 2466 4374 ex
2493 4322 2632 4375 com'.

349 4395 534 4462 Wolfii
561 4395 650 4465 (ef.
683 4397 892 4451 Becher
926 4397 1130 4452 obem.
1169 4415 1223 4466 p.
1247 4403 1337 4465 81,
1374 4400 1473 4468 qui
1507 4401 1802 4467 transponi
1827 4401 1953 4456 uult
1976 4400 2149 4454 uerba
2182 4401 2353 4467 atque
2380 4399 2480 4453 inf.
2520 4400 2637 4454 sint

327 4482 459 4544 post
493 4477 814 4530 constructa
853 4479 1032 4547 erant)
1181 4483 1248 4530 14
1285 4478 1632 4532 labefactata
1670 4481 1821 4550 uuly.
1854 4482 1942 4549 (cf.
1980 4480 2149 4549 Oros.)
2296 4481 2491 4551 atque]
2530 4498 2633 4535 nec

337 4556 597 4624 Lipsius,
633 4571 815 4624 neque
854 4558 1088 4626 Bentley
1234 4564 1298 4612 16
1338 4559 1651 4614 diuersoria
1678 4563 1731 4613 Ω

445 4653 715 4695 summen-
744 4655 814 4696 ed.
840 4657 975 4697 Ihm.
1030 4658 1068 4697 1.
2138 4655 2201 4702 17
