3259 5209
1079 440 1297 495 DIVVS
1335 440 1572 495 IVLIVS
1611 452 1743 502 [cn.
1776 452 1949 501 17—20]
2620 440 2663 505 9

543 602 754 690 Igitur
809 626 954 668 cum
1011 603 1249 668 Bibulo
1306 603 1532 669 consul
1587 608 1855 668 creatur.
1948 604 2212 669 eandem
2270 604 2353 668 ob
2406 626 2663 669 causam
2702 622 2733 670 2

365 732 560 795 opera
605 710 688 774 ab
744 710 1166 793 optimatibus
1221 710 1371 775 data
1426 715 1555 796 est,
1615 714 1691 775 ut
1735 710 2109 795 prouinciae
2152 711 2391 775 futuris
2438 731 2664 775 consu-

363 816 536 881 libus
590 817 842 881 minimi
899 819 1173 902 negotii,
1231 818 1296 881 id
1351 820 1450 882 est
1503 818 1705 882 siluae
1762 818 2107 901 callesque,
2162 817 2662 881 decernerentur.

365 946 492 1007 qua
535 924 811 989 maxime
857 924 1092 988 iniuria
1138 925 1479 988 instinctus
1527 924 1825 989 omnibus
1873 923 2105 990 officiis
2153 922 2442 989 Gnaeum
2480 923 2662 989 Pom-

306 1053 334 1094 5
361 1031 580 1114 peium
657 1029 1018 1095 adsectatus
1092 1035 1190 1095 est
1265 1031 1582 1095 offensum
1656 1031 1977 1114 patribus,
2051 1030 2224 1114 quod
2287 1029 2663 1095 Mithridate

362 1158 512 1221 rege
557 1139 734 1202 uicto
792 1138 1198 1201 cunctantius
1254 1138 1787 1202 confirmarentur
1830 1142 1975 1203 acta
2028 1159 2171 1221 sua3
2224 1136 2662 1220 Pompeioque

361 1242 650 1308 Marcum
720 1241 1018 1307 Crassum
1085 1244 1526 1308 reconciliauit
1597 1248 1881 1309 ueterem
1954 1243 2288 1307 inimicum
2363 1266 2444 1307 ex
2517 1264 2661 1309 con—

362 1350 594 1434 sulatu,
642 1371 832 1433 quem
880 1370 1148 1413 summa
1177 1350 1498 1415 discordia
1533 1350 1728 1414 simul
1773 1354 2129 1435 gesserant3
2175 1372 2251 1414 ac
2292 1352 2663 1416 societatem

361 1476 507 1520 cum
554 1460 830 1539 utroque
878 1457 1042 1539 iniit,
1087 1478 1169 1521 ne
1217 1457 1372 1541 quid
1421 1460 1721 1541 ageretur
1766 1458 1834 1521 in
1880 1478 1949 1522 re
1993 1457 2271 1540 publica,
2318 1458 2492 1541 quod
2538 1457 2663 1521 dis-

275 1586 334 1625 10
361 1562 696 1646 plicuisset
733 1563 852 1627 ulli
889 1586 924 1627 e
962 1564 1183 1628 tribus.
1267 1564 1431 1629 inito
1469 1563 1713 1629 honore
1748 1565 1995 1648 primus
2035 1564 2321 1629 omnium
2362 1564 2661 1647 instituit,
2682 1564 2771 1629 20

361 1674 436 1733 ut
477 1674 610 1734 tam
660 1674 917 1734 senatus
967 1692 1156 1753 quam
1212 1671 1439 1755 populi
1487 1671 1716 1735 diurna
1770 1675 1912 1735 acta
1958 1672 2308 1737 confierent
2352 1674 2418 1734 et
2454 1669 2663 1755 publi-

363 1780 671 1839 carentur.
757 1777 1093 1859 antiquum
1151 1778 1344 1842 etiam
1399 1776 1739 1861 re<t>tulit
1795 1799 2065 1858 morem,
2130 1780 2203 1841 ut
2260 1799 2388 1862 quo
2445 1798 2662 1865 mense

359 1880 566 1946 fasces
611 1903 744 1946 non
788 1882 1069 1967 haberet,
1116 1904 1420 1948 accensus
1467 1888 1616 1947 ante
1663 1906 1809 1949 eum
1858 1885 2006 1969 iret,
2048 1885 2307 1949 lictores
2354 1905 2524 1968 pone
2570 1906 2661 1947 se-

363 1994 724 2071 querentur.
802 1989 943 2075 lege
991 1994 1204 2054 autem
1252 1991 1504 2075 agraria
1550 1992 1961 2075 promulgata
1998 1990 2486 2056 obnuntiantem
2536 1991 2661 2055 col-

278 2116 332 2157 15
360 2095 571 2178 legam
641 2095 836 2159 armis
906 2097 1048 2160 foro
1115 2097 1365 2181 expulit
1428 2119 1504 2163 ac
1567 2102 1827 2180 postero
1899 2098 2003 2162 die
2082 2098 2149 2162 in
2226 2103 2453 2162 senatu
2516 2117 2663 2161 con-

363 2204 658 2283 questum
717 2223 838 2265 nec
883 2224 1208 2286 quoquam
1257 2208 1538 2288 reperto,
1587 2205 1697 2287 qui
1745 2226 1939 2288 super
1982 2204 2099 2269 tali
2146 2204 2661 2269 consternatione

357 2306 592 2371 referre
655 2312 764 2372 aut
826 2328 1080 2374 censere
1140 2310 1385 2393 aliquid
1447 2311 1733 2389 auderet,
1806 2311 2022 2394 qualia
2081 2310 2287 2375 multa
2347 2333 2535 2394 saepe
2593 2310 2661 2374 in

358 2412 711 2479 leuioribus
758 2415 964 2479 turbis
1011 2416 1266 2480 decreta
1311 2422 1518 2499 erant,
1564 2416 1632 2479 in
1681 2438 1819 2481 eam
1868 2418 2082 2501 coegit
2128 2417 2659 2500 desperationem,

359 2524 457 2601 ut,
520 2521 732 2604 quoad
790 2526 1110 2605 potestate
1171 2522 1392 2605 abiret,
1452 2523 1646 2587 domo
1706 2523 1961 2587 abditus
2016 2522 2182 2587 nihil
2236 2524 2410 2587 aliud
2466 2544 2659 2607 quam

277 2650 334 2689 ao
363 2648 480 2710 per
525 2627 734 2691 edicta
778 2628 1208 2693 obnuntiaret.

492 2731 675 2796 Vnus
721 2756 802 2797 ex
847 2756 922 2799 eo
969 2740 1258 2817 tempore
1306 2736 1522 2799 omnia
1568 2736 1637 2798 in
1680 2757 1750 2799 re
1786 2735 2047 2820 publica
2084 2740 2148 2798 et
2193 2735 2275 2798 ad
2321 2734 2658 2799 arbitrium
2696 2755 2727 2801 2

359 2839 866 2925 administrauit,
922 2845 996 2906 ut
1041 2840 1338 2905 nonnulli
1395 2841 1785 2905 urbanorum
1806 2893 1822 2925 ,
1880 2862 2025 2907 cum
2084 2842 2238 2925 quid
2284 2863 2400 2926 per
2446 2842 2658 2905 iocum

359 2945 638 3009 testandi
692 2948 901 3031 gratia
955 2948 1312 3033 signarent,
1370 2968 1502 3011 non
1559 2946 1827 3012 Caesare
1882 2952 1946 3012 et
2004 2947 2269 3031 Bibule,
2326 2948 2437 3012 sed
2492 2944 2658 3011 Iulio

359 3056 426 3117 et
491 3050 755 3117 Caesare
829 3054 1200 3118 consulibus
1275 3058 1488 3117 actum
1565 3054 1917 3119 scriberent
1980 3054 2081 3119 bis
2146 3054 2419 3119 eundem
2482 3076 2659 3138 prae-

277 3181 329 3221 25
357 3164 670 3244 ponentes
707 3162 968 3226 nomine
1006 3166 1198 3244 atque
1237 3162 1639 3246 cognomine,
1678 3166 1875 3245 utque
1912 3162 2115 3247 uulgo
2154 3183 2305 3226 mox
2341 3163 2660 3227 ferrentur

358 3265 428 3329 hi
475 3287 698 3332 uersus
743 3266 994 3351 <FPR
1027 3289 1096 3349 p.
1125 3268 1318 3349 330>z

505 3490 531 3537 1
571 3486 640 3552 cf.
681 3487 917 3555 Eum-op.
951 3487 1039 3541 VI
1060 3491 1146 3551 17,
1179 3492 1208 3540 1
1247 3502 1374 3539 cum
1411 3487 1471 3539 L.
1511 3486 1714 3541 Bibulo
1754 3486 1947 3541 consul
1986 3490 2072 3541 est
2108 3487 2310 3541 factus.

402 3617 477 3622 ——
496 3616 725 3623 ——--—-
750 3618 788 3622 --

505 3688 531 3735 1
587 3684 808 3737 creatus
849 3682 970 3736 GT
1121 3688 1150 3734 2
1205 3682 1278 3735 ab
1328 3699 1430 3736 om.
1471 3700 1502 3741 ς
1666 3688 1696 3735 3
1748 3682 1809 3735 id
1862 3685 1949 3735 est
1999 3682 2177 3737 siluae
2224 3682 2507 3751 callesque
2554 3684 2655 3737 del.

370 3762 628 3828 Wllenw,
667 3760 845 3816 siluae
884 3761 1168 3830 callesque
1207 3762 1267 3815 id
1305 3766 1392 3817 est
1427 3761 1647 3815 minimi
1685 3779 1738 3815 n.
1782 3762 2135 3817 Halbertsma
2278 3769 2311 3816 4
2352 3763 2658 3832 instigatus

358 3842 592 3911 Bentley
735 3847 768 3895 ὃ
818 3842 1118 3897 adsecutus
1164 3842 1278 3908 M1,
1335 3844 1623 3896 assecutus
1665 3843 1737 3894 M
1741 3842 1779 3908 ²,
1837 3845 2145 3895 assectatus
2191 3845 2285 3898 rel.
2435 3848 2463 3895 7
2510 3843 2658 3896 Mar-

358 3923 510 3992 cum]
566 3940 638 3976 m.
692 3920 827 3977 G'X‘
981 3928 1044 3977 10
1099 3922 1344 3991 primum
1394 3923 1584 3976 Medd.
1747 3930 1807 3975 11
1869 3923 2273 3977 conficerentur
2326 3923 2541 3992 (confit-
2587 3924 2656 3993 S)

366 4000 523 4057 Y‘P2
537 4002 610 4058 0²
756 4008 822 4055 13
877 4002 1072 4057 consul
1119 4009 1246 4057 ante
1294 4018 1558 4057 accensus
1606 4003 1737 4057 add.
1776 4004 2026 4073 Bentley,
2074 4010 2203 4058 ante
2238 4003 2420 4057 fasces
2462 4004 2656 4057 Modd.

361 4088 428 4134 14
469 4082 899 4136 abnuntiantem
941 4082 1100 4135 M²X
1131 4086 1209 4151 (re
1239 4089 1365 4151 post
1405 4082 1476 4135 ab
1513 4100 1582 4138 ss.
1623 4084 1723 4151 L⁸)
1871 4088 1937 4136 16
1986 4098 2131 4152 quae
2172 4086 2248 4137 M
2253 4104 2278 4137 ε
2426 4090 2491 4137 18
2538 4086 2657 4137 tur-

357 4162 446 4231 pis
489 4162 578 4233 0¹,
615 4161 796 4232 culpis
834 4163 960 4216 HR
974 4162 1087 4233 Q'Q
1234 4168 1300 4213 ‘2'2
1337 4162 1703 4216 urbaniorum
1741 4165 1975 4232 Bentley
2013 4165 2103 4232 (cf.
2138 4164 2289 4231 Vesp.
2318 4168 2414 4233 20)
2558 4180 2658 4232 per

357 4241 542 4295 iocum
575 4249 700 4311 post
745 4240 1036 4312 signarent
1074 4243 1238 4310 ponit
1283 4244 1462 4309 Toron,
1511 4242 1610 4297 del.
1656 4244 1711 4298 Ο.
1742 4244 1954 4313 Nciyler
2098 4250 2163 4296 23
2211 4244 2447 4297 testanti
2488 4244 2656 4312 M16,

357 4323 556 4377 testati
597 4322 670 4376 Μ
681 4321 763 4392 ’Q
799 4324 1050 4395 &lessam
1105 4323 1303 4377 testati
1360 4322 1694 4376 dicebantur
1744 4323 1843 4390 qui
1894 4325 2234 4377 testamento
2287 4323 2659 4392 signabantur

357 4403 534 4458 adeor.
567 4402 694 4472 Μ’)
857 4404 1016 4473 23s24
1055 4418 1242 4456 cesare
1282 4404 1339 4455 et
1374 4402 1513 4455 iulio
1548 4402 1639 4462 Ος
1677 4402 1861 4471 (Oud.)
2027 4409 2093 4455 24
2132 4403 2221 4456 bis
2250 4420 2418 4471 usque
2455 4420 2658 4472 cogno-

357 4482 508 4536 mine
527 4498 650 4537 cum
670 4482 866 4551 Lipsio
884 4484 1157 4537 damnant
1175 4485 1336 4537 niulti
1440 4485 1817 4551 proponentes
1846 4484 1925 4537 ed.
1950 4485 2343 4537 Torr.a.157&
2464 4490 2530 4536 25
2561 4500 2657 4537 no-

357 4562 509 4617 mine
547 4565 718 4631 atque
757 4564 1086 4633 cognomine
1124 4563 1225 4617 del.
1267 4563 1459 4616 Medd.
1607 4566 1818 4631 utssque
1857 4563 1898 4629 (i
1934 4568 2113 4631 erasa)
2146 4564 2216 4615 M
