3259 5209
1053 450 1271 505 DIVVS
1312 450 1693 505 AVGVSTVS
1731 462 1862 511 [cu.
1896 461 2043 511 τ-ιο]
2599 448 2687 513 53

382 614 527 677 uias
572 613 979 698 paucissimis
1026 614 1375 680 comitibus
1431 614 1776 700 naufragio
1823 613 2018 677 etiam
2065 612 2238 677 facto
2285 611 2687 694 subsecutae,

382 742 621 806 magno
678 742 871 805 opere
926 722 1266 806 demeruit,
1322 720 1685 805 approbata
1741 718 1871 784 cito
1927 720 2120 784 etiam
2167 740 2422 783 morum
2472 718 2686 782 indole

384 846 579 910 super
622 826 873 891 itineris
920 827 1319 891 industriam.

564 931 835 997 Caesare
888 938 1042 1018 post
1087 940 1377 1019 receptas
1426 932 1776 1017 Hispanias
1821 932 2295 1017 expeditionem
2349 931 2420 997 in
2473 930 2684 996 Dacos
2721 948 2754 995 2

325 1066 351 1107 u
384 1044 451 1103 et
496 1040 645 1103 inde
691 1041 760 1105 in
804 1038 1083 1107 Parthos
1138 1040 1505 1107 destinante
1550 1040 1944 1125 praemissus
1991 1038 2406 1123 Apolloniam
2453 1037 2684 1103 studiis

380 1146 657 1211 uacauit.
749 1151 954 1231 utque
1017 1151 1295 1233 primum
1367 1146 1646 1213 occisum
1713 1168 1857 1211 eum
1913 1146 2337 1230 heredemque
2391 1168 2458 1210 se
2515 1166 2683 1210 com-

380 1253 569 1337 perit,
616 1253 725 1317 diu
773 1258 1109 1319 cunctatus
1158 1278 1241 1319 an
1286 1256 1615 1339 proximas
1660 1253 1949 1339 legiones
1995 1252 2389 1337 imploraret,
2434 1252 2500 1315 id
2545 1252 2682 1335 qui-

382 1358 525 1424 dem
555 1360 891 1424 consilium
922 1366 997 1425 ut
1031 1382 1337 1445 praeceps
1373 1363 1898 1443 inmaturumque
1936 1360 2172 1425 omisit.
2211 1364 2490 1423 ceterum
2520 1359 2681 1423 urbe

380 1468 656 1550 repetita
699 1467 1119 1533 hereditatem
1172 1469 1346 1552 adiit,
1396 1468 1736 1533 dubitante
1779 1472 2002 1552 matre,
2047 1466 2282 1531 uitrico
2320 1488 2476 1530 uero
2515 1464 2677 1531 Mar-

294 1600 351 1640 10
380 1574 481 1638 cio
544 1571 849 1658 Philippo
926 1575 1249 1639 consulari
1326 1574 1603 1639 multum
1678 1574 2100 1638 dissuadente.
2194 1576 2390 1657 atque
2453 1572 2536 1637 ab
2601 1596 2676 1638 eo
2717 1585 2748 1633 3

378 1686 670 1763 tempore
715 1680 1103 1746 exercitibus
1150 1682 1539 1765 comparatis
1595 1681 1876 1765 primum
1932 1702 2076 1744 cum
2124 1680 2210 1744 M.
2257 1678 2543 1744 Antonio
2591 1679 2677 1744 M.

380 1807 507 1869 que
551 1786 795 1870 Lepido
805 1838 823 1869 ,
879 1786 1105 1852 deinde
1160 1791 1416 1851 tantum
1464 1809 1609 1852 cum
1657 1786 1943 1850 Antonio
2001 1808 2116 1870 per
2162 1785 2494 1851 duodecim
2543 1785 2678 1851 fere

377 1914 604 1974 annea,
658 1891 1009 1957 nouissime
1066 1914 1182 1977 per
1237 1898 1545 1976 quattuor
1600 1898 1666 1956 et
1725 1892 2150 1979 quadraginta
2205 1892 2382 1957 solus
2433 1916 2566 1957 rem
2615 1916 2675 1977 p.

376 2000 603 2063 tenuit.

292 2132 345 2172 ιε
554 2104 898 2190 Proposita
958 2107 1129 2171 uitae
1186 2106 1325 2170 eius
1382 2106 1561 2170 uelut
1625 2128 1874 2171 summa
1941 2108 2162 2189 parte(
2166 2106 2238 2187 s>
2293 2105 2672 2192 singillatim
2703 2102 2748 2167 9

373 2232 584 2294 neque
630 2234 745 2295 per
790 2217 1085 2297 tempora
1130 2212 1242 2276 sed
1296 2235 1413 2297 per
1459 2215 1706 2297 species
1765 2234 2070 2295 exequar,
2129 2234 2256 2295 quo
2307 2212 2674 2277 distinctius

372 2316 802 2382 demonstrari
849 2320 1285 2406 cognoscique
1330 2320 1602 2403 possint.

549 2422 733 2489 Bella
806 2425 1025 2490 ciuilia
1089 2426 1381 2509 quinque
1453 2427 1683 2512 gessit:
1766 2424 2157 2509 Mutinense,
2238 2425 2672 2509 Philippense,

371 2528 777 2615 Perusinum,
835 2528 1153 2617 Siculum,
1211 2531 1577 2617 Actiacum3
1632 2554 1668 2596 e
1717 2532 1955 2615 quibus
2004 2533 2284 2616 primum
2339 2554 2414 2597 ao
2457 2532 2673 2597 nouis-

287 2666 343 2704 20
372 2638 607 2701 simum
656 2637 963 2703 aduersus
1000 2637 1085 2703 Μ.
1124 2637 1501 2724 Antonium,
1546 2639 1898 2704 secundum
1941 2638 2246 2703 aduersus
2285 2638 2560 2704 Brutum
2607 2645 2672 2703 et

374 2742 689 2829 Cassium,
752 2746 1017 2809 tertium
1084 2744 1389 2811 aduersus
1443 2746 1515 2810 L.
1562 2744 1920 2811 Antonium
1993 2747 2320 2810 triumuiri
2384 2745 2670 2829 fratrem,

374 2855 677 2932 quartum
734 2850 1037 2917 aduersus
1094 2850 1359 2917 Sextum
1410 2852 1788 2937 Pompeium
1848 2852 1957 2917 Cn.
1995 2850 2285 2939 f(ilium).
2380 2854 2664 2917 omnium
2689 2846 2777 2912 10

371 2955 689 3021 bellorum
736 2958 996 3023 initium
1044 2964 1109 3023 et
1145 2980 1400 3022 causam
1439 2958 1591 3023 hinc
1628 2961 1932 3043 sumpsit:
1977 2958 2144 3022 nihil
2181 2958 2667 3024 conuenientius

370 3060 605 3128 ducens
664 3088 858 3147 quam
912 3086 1133 3129 necem
1199 3065 1502 3130 auunculi
1559 3066 1886 3130 uindicare
1942 3065 2239 3148 tuerique
2295 3068 2462 3147 acta,
2520 3086 2665 3129 con-

285 3196 341 3237 ss
368 3169 585 3233 festim
633 3174 707 3233 ut
753 3170 1104 3255 Apollonia
1147 3171 1355 3254 rediit,
1401 3172 1676 3236 Brutum
1721 3173 2141 3255 Cassiumque
2187 3177 2250 3236 et
2296 3173 2364 3235 ui
2409 3173 2664 3255 necopi-

516 3368 581 3415 10
620 3364 856 3432 Eutrop.
898 3364 1021 3418 VII
1051 3370 1113 3431 8,
1140 3368 1179 3419 2
1246 3381 1313 3419 ex
1369 3380 1435 3417 eo
1492 3380 1610 3417 rem
1667 3364 1955 3433 publicam
2009 3381 2110 3433 per
2164 3365 2544 3435 quadraginta.
2609 3368 2665 3417 et

372 3445 640 3511 quattuor
684 3460 861 3497 annos
908 3443 1059 3497 solus
1106 3444 1367 3498 obtinuit.
1444 3448 1575 3499 ante
1623 3445 1773 3498 enim
1822 3446 2119 3499 duodecim
2167 3446 2330 3499 annis
2376 3462 2501 3499 cum
2549 3446 2664 3498 An—

368 3522 524 3577 tonio
563 3525 621 3575 et
656 3522 870 3593 Lepido
906 3526 1165 3578 tenuerat
1204 3526 1289 3593 (cf.
1326 3525 1447 3579 VII
1476 3531 1531 3591 8,
1552 3528 1622 3593 3).
1685 3526 1800 3579 VII
1827 3530 1881 3593 8,
1910 3530 1944 3578 4
1983 3526 2363 3595 quadraginta
2406 3530 2463 3581 et
2499 3528 2662 3593 quat-

366 3605 496 3655 tuor
534 3603 713 3671 annis,
750 3604 955 3672 quibus
993 3605 1143 3658 solus
1181 3604 1356 3673 gessit
1395 3605 1707 3673 imperium.
1784 3606 1938 3673 Epit.
1971 3612 2022 3671 1,
2051 3610 2124 3660 30
2161 3606 2463 3675 imperauit
2501 3607 2662 3659 annis

369 3682 785 3753 quinquaginta
822 3686 879 3737 et
907 3700 1019 3752 sex,
1059 3685 1351 3738 duodecim
1383 3702 1508 3738 cum
1541 3685 1803 3751 Antonio,
1843 3685 2221 3755 quadraginta.
2249 3703 2381 3739 uero
2412 3689 2470 3739 et
2497 3690 2663 3753 quat-

367 3765 497 3816 tuor
542 3762 691 3816 solus
742 3766 830 3830 (cf.
883 3766 1015 3819 Vict.
1058 3766 1205 3819 Caes.
1248 3771 1296 3832 1,
1323 3770 1397 3833 2).
1483 3766 1692 3819 Auson.
1723 3770 1862 3833 258,
1892 3771 1930 3820 2
1977 3768 2262 3836 Augustus
2308 3770 2438 3834 post
2482 3766 2662 3819 lustra

368 3842 561 3896 decem
600 3858 695 3897 sex
739 3848 1007 3915 prorogat
1044 3860 1235 3899 annos.
1403 3852 1467 3897 15
1506 3847 1575 3911 ct'.
1615 3848 1691 3899 ad
1719 3864 1835 3914 cap.
1871 3852 1938 3900 61
2107 3852 2170 3899 18
2215 3848 2363 3901 Oros.
2407 3848 2490 3900 VI
2516 3852 2662 3912 18‚2

365 3921 519 3976 bella.
548 3923 743 3977 ciuilia
771 3924 1019 3992 quinque
1039 3926 1242 3995 gessit.-
1270 3925 1604 3989 Mutinense,
1626 3926 2005 3994 Philippense,
2027 3926 2373 3994 Perusinum,
2395 3926 2658 3991 Siculum,

368 4003 677 4057 Actiacum.
734 4020 764 4056 e
794 4004 997 4073 quibus
1028 4005 1155 4071 duo,
1184 4004 1290 4058 hoc
1319 4010 1405 4058 est
1423 4006 1666 4074 primum
1687 4022 1752 4059 ac
1771 4007 2156 4073 nouissimum,
2177 4008 2444 4060 aduersus
2461 4008 2659 4060 M.An-

363 4083 602 4150 tonium,
632 4084 937 4137 secundum
964 4085 1233 4139 aduersus
1264 4086 1497 4138 Brutum
1526 4088 1584 4139 et
1614 4086 1884 4153 Cassium,
1908 4088 2136 4140 tertium
2167 4088 2435 4139 aduersus
2467 4088 2523 4140 L.
2551 4090 2658 4139 An-

365 4162 609 4229 tonium,
656 4168 917 4231 quartum
956 4166 1225 4218 aduersus
1264 4165 1384 4220 Sex.
1426 4165 1754 4235 Pompeium
1793 4166 1887 4219 Cn.
1919 4166 2148 4235 Pompei
2187 4166 2362 4219 filium
2400 4166 2655 4220 confecit.

509 4336 541 4383 3
580 4330 859 4387 industria
886 4338 944 4387 X
947 4332 961 4349 '
1075 4340 1105 4386 ὅ
1137 4334 1193 4386 in
1223 4351 1323 4389 om.
1349 4336 1433 4401 M,
1471 4335 1598 4400 fort.
1628 4342 1764 4389 recte
1793 4338 1882 4400 (ef.
1905 4353 1964 4404 p.
1989 4340 2074 4402 19,
2094 4338 2150 4402 2)
2262 4342 2292 4387 6
2322 4335 2485 4401 utqui
2519 4338 2590 4389 M

364 4426 493 4463 eum
532 4428 631 4465 om.
676 4412 725 4466 G
898 4430 957 4467 se
994 4431 1095 4467 om.
1138 4414 1283 4467 (ἶΠ1
1457 4420 1520 4468 12
1560 4415 1767 4469 deinde
1807 4418 1902 4481 M,
1950 4416 2079 4468 dein
2117 4418 2236 4481 rel„
2283 4418 2481 4469 rectius
2519 4423 2657 4482 puto

368 4496 433 4543 15
471 4494 633 4560 parte
660 4494 731 4557 a,
772 4510 907 4548 corr.
946 4495 1025 4548 ed.
1058 4496 1214 4549 Rom.
1246 4496 1321 4549 II
1343 4494 1456 4563 (ςΡ)
1604 4501 1668 4548 17
1709 4496 1888 4564 possit
1917 4500 1968 4548 X
2113 4502 2175 4548 21
2219 4495 2500 4549 triumuiri
2537 4496 2654 4561 ΤΤ,

361 4570 536 4624 trium
562 4571 749 4625 uirum
774 4575 867 4627 rel.
1016 4580 1082 4627 22
1113 4574 1290 4627 filium
1314 4576 1527 4629 GTPT
1667 4581 1732 4627 25
1755 4579 1812 4628 et
1829 4576 1947 4628 uim
1971 4577 2021 4629 G
2036 4576 2132 4641 ΓΒ,
2161 4592 2260 4644 per
2287 4576 2404 4629 uim
2427 4577 2657 4645 Bentley
