3259 5209
974 449 1150 504 DIVV
1154 449 1189 502 S
1228 449 1607 505 AVGVSTVS
1647 451 1784 523 [cst.
1814 453 2020 520 98—100]
2507 453 2634 516 115

328 613 633 679 omnibus
692 613 917 679 deinde
964 613 1270 698 dimissis,
1316 613 1468 678 dum
1516 613 1928 679 aduenientes
1975 614 2055 678 ab
2103 614 2262 678 urbe
2311 614 2390 678 de
2437 613 2632 678 Drusi

326 719 469 784 filia
514 743 707 806 aegra
748 721 1123 806 interrogat,
1168 725 1432 804 repente
1468 721 1537 784 in
1574 721 1811 786 osculis
1851 719 2072 784 Liuiae
2110 725 2174 785 et
2211 721 2280 784 in
2317 719 2438 784 hac
2473 743 2634 788 uoce

327 827 592 892 defecit:
656 827 905 910 Liuia,
963 829 1213 892 nostri
1268 828 1619 912 coniugii
1691 850 1973 892 memor
2029 829 2231 910 uiue,
2293 849 2377 892 ac
2434 828 2630 892 ualel

328 936 599 998 sortitus
654 935 899 999 exitum
963 934 1219 999 facilem
1275 939 1339 1000 et
1399 935 1656 1017 qualem
1717 956 1969 1018 semper
2028 938 2385 1018 optauerat.
2481 954 2632 1000 nam
2671 951 2703 998 2

274 1065 299 1104 ε
328 1041 465 1106 fere
512 1043 811 1124 quotiens
857 1041 1139 1106 audisset
1177 1041 1307 1106 cito
1346 1063 1419 1105 ac
1454 1040 1638 1104 nullo
1675 1043 1962 1105 cruciatu
2001 1041 2378 1106 defunctum
2415 1064 2632 1125 quem-

328 1149 523 1232 piam,
570 1148 695 1212 sibi
740 1153 805 1212 01
849 1149 983 1212 suis
1029 1147 1443 1213 εὐθανασιάν
1488 1147 1766 1212 similem
1805 1183 1892 1194 -—-
1929 1146 2056 1213 hoc
2099 1149 2271 1212 enim
2320 1153 2386 1212 et
2431 1149 2634 1214 uerbo

326 1256 429 1318 uti
488 1255 739 1320 solebat
786 1292 861 1300 —
900 1255 1297 1338 precabatur.
1382 1277 1579 1318 unum
1637 1255 1898 1318 omnino
1957 1259 2106 1318 ante
2161 1253 2446 1320 efflatam
2503 1255 2635 1320 ani-

328 1383 505 1425 mam
543 1361 799 1447 signum
837 1361 1151 1425 alienatae
1188 1361 1420 1426 mentis
1457 1360 1758 1444 ostendit,
1788 1360 1961 1444 quod
2002 1360 2216 1425 subito
2255 1364 2630 1445 pauefactus

330 1489 369 1530 a
425 1467 851 1552 quadraginta
910 1491 977 1533 se
1038 1466 1377 1532 iuuenibus
1439 1467 1648 1551 abripi
1711 1473 1974 1551 questus
2036 1473 2148 1531 est.
2247 1469 2314 1532 id
2375 1490 2634 1552 quoque

242 1599 301 1638 ιο
328 1575 539 1658 magis
586 1575 991 1660 praesagium
1035 1597 1227 1658 quam
1264 1574 1499 1639 mentis
1538 1574 1893 1639 deminutio
1931 1575 2077 1658 fuit,
2124 1574 2443 1658 siquidem
2483 1576 2633 1640 toti-

330 1679 477 1744 dem
526 1680 763 1745 milites
810 1682 1199 1764 praetoriani
1247 1683 1615 1746 extulerunt
1662 1704 1806 1746 eum
1855 1681 1926 1746 in
1963 1681 2316 1764 publicum.
2397 1681 2560 1746 obiit
2611 1680 2744 1746 100

328 1787 401 1850 in
448 1786 743 1851 cubiculo
789 1787 1034 1873 eodem,
1080 1808 1206 1872 quo
1254 1793 1437 1871 pater
1482 1786 1810 1871 Octauius,
1857 1789 2108 1852 duobus
2157 1787 2400 1870 Sextis,
2444 1787 2634 1852 Pom·

326 1893 476 1977 peio
520 1898 585 1959 et
618 1893 1041 1978 Ap<p>ulei0‚
1082 1916 1252 1960 cons.
1274 1893 1474 1958 XIIII.
1498 1895 1642 1960 Kal.
1678 1894 1998 1978 Septemb.
2029 1895 2190 1959 hora
2232 1893 2358 1958 diei
2407 1917 2596 1980 nona,
2626 1923 2664 1952 a.
2681 1915 2732 1952 14
2747 1909 2848 1960 12-0-

330 2001 804 2086 septuagesimo
852 2005 919 2066 et
964 2006 1147 2066 sexto
1194 2003 1417 2066 aetatis
1468 2023 1654 2084 anun,
1701 2002 1923 2066 diebus
1966 1999 2028 2064 V
2066 2007 2132 2066 et
2167 2000 2351 2065 XXX
2400 2002 2630 2066 minus.

248 2131 301 2172 15
516 2105 762 2191 Corpus
818 2108 1191 2173 decuriones
1246 2109 1748 2191 municipiorum
1803 2114 1868 2173 et
1925 2109 2321 2172 coloniarum
2377 2131 2415 2172 a
2462 2107 2635 2173 Nola
2673 2126 2705 2173 2

330 2211 623 2278 Bouillas
688 2236 889 2298 usque
954 2215 1373 2298 deportarunt
1445 2214 1742 2279 noctibus
1807 2220 2072 2298 propter
2135 2217 2290 2279 anni
2357 2219 2634 2300 tempus,

331 2341 477 2385 cum
528 2320 805 2385 interdiu
852 2322 919 2384 in
967 2321 1230 2386 basilica
1268 2322 1575 2405 cuiusque
1614 2321 1838 2405 oppidi
1879 2322 1980 2386 uel
2028 2323 2096 2386 in
2133 2322 2388 2386 aedium
2428 2343 2634 2386 sacra-

330 2449 473 2490 rum
534 2427 813 2492 maxima
866 2434 1294 2511 reponeretur.
1378 2451 1417 2492 a
1460 2427 1737 2492 Bouillis
1794 2433 2090 2511 equester
2140 2429 2298 2492 ordo
2349 2431 2634 2512 suscepit

330 2533 608 2616 urbique
656 2533 875 2598 intulit
920 2540 1112 2619 atque
1160 2535 1227 2598 in
1272 2535 1597 2600 uestibulo
1635 2536 1864 2600 domus
1903 2537 2286 2600 conlocauit.
2373 2540 2634 2600 senatus

246 2666 301 2706 20
331 2643 399 2704 et
444 2640 513 2704 in
558 2639 781 2705 funere
827 2642 1112 2706 ornando
1161 2647 1225 2705 et
1270 2643 1335 2705 in
1375 2641 1686 2706 memoria
1719 2642 2098 2706 honoranda
2132 2665 2208 2705 eo
2247 2642 2461 2706 studio
2505 2665 2633 2708 cer-

330 2746 519 2811 tatim
574 2768 952 2832 progressus
1009 2753 1123 2830 est,
1178 2752 1251 2811 ut
1306 2749 1473 2812 iuter
1528 2749 1655 2812 alia
1702 2751 2036 2834 complura
2081 2749 2449 2814 censuerint
2497 2752 2632 2834 qui-

330 2851 498 2934 dam,
545 2851 739 2916 funus
785 2854 1159 2938 triumphali
1206 2861 1395 2939 porta
1440 2854 1828 2936 ducendum,
1875 2856 2292 2938 praecedente
2339 2855 2634 2921 Victoria

330 2980 497 3040 quae
546 2965 642 3023 est
688 2961 757 3024 in
794 2960 989 3043 curia,
1026 2961 1399 3026 canentibus
1438 2963 1694 3025 neniam
1733 2963 2100 3045 principum
2137 2961 2357 3026 liberis
2397 2963 2632 3027 utrius-

330 3087 457 3147 que
506 3087 721 3150 sexus3
778 3068 913 3150 alii,
968 3071 1379 3152 exequiarum
1430 3068 1531 3132 die
1586 3069 1918 3152 ponendos
1971 3070 2198 3132 anulos
2237 3091 2464 3134 aureos
2510 3071 2632 3134 fer-

240 3200 295 3240 25
326 3193 601 3255 reosque
676 3174 1043 3260 sumendos3
1120 3176 1442 3257 nonnulli,
1516 3196 1664 3238 ossa
1735 3174 2007 3260 legenda
2080 3198 2196 3258 per
2272 3176 2633 3240 sacerdotes

330 3299 729 3343 summorum
786 3279 1220 3364 collegiorum.
1304 3281 1429 3344 fuit
1474 3285 1539 3345 et
1584 3282 1696 3363 qui
1754 3281 2075 3365 suaderet,
2130 3282 2630 3367 appellationem
2671 3301 2703 3349 3

330 3386 571 3449 mensis
618 3386 900 3472 Augusti
948 3387 1015 3450 in
1064 3386 1505 3471 Septembrem
1554 3389 2087 3471 transferendam,
2135 3389 2308 3472 quod
2353 3389 2480 3454 hoc
2527 3411 2632 3475 ge-

326 3493 509 3556 nitus
556 3491 919 3578 Augustus,
976 3493 1086 3558 illo
1145 3494 1483 3560 defunctus
1528 3499 1723 3578 esset3
1780 3494 1971 3575 alius,
2018 3501 2090 3559 ut
2139 3516 2327 3560 omne
2375 3501 2632 3580 tempus

329 3621 371 3662 a
417 3600 627 3682 primo
675 3599 777 3664 die
822 3601 1022 3665 natali
1069 3600 1147 3664 ad
1185 3601 1427 3665 exitum
1469 3601 1604 3665 eius
1644 3603 1970 3666 saeculum
2009 3601 2378 3688 Augustum
2417 3603 2634 3687 appel-

480 3772 540 3817 ll
582 3765 817 3834 Eutrop.
853 3767 973 3820 VII
996 3771 1103 3830 ΗΑ
1142 3767 1287 3820 obiit
1426 3767 1841 3837 septuagesimo
1881 3771 2037 3820 sexto
2078 3784 2224 3820 anno
2263 3771 2442 3821 morte
2482 3785 2632 3822 com-

326 3844 533 3898 muni·
572 3845 724 3914 Epit.
760 3851 809 3910 1,
836 3850 913 3898 26
952 3861 1125 3900 annos
1165 3851 1377 3916 septem
1416 3851 1471 3900 et
1512 3847 1876 3918 septuaginta
1914 3848 2196 3914 ingressus
2229 3847 2408 3902 Nolae
2437 3849 2632 3902 morbo

328 3925 551 3978 interiit
590 3927 677 3994 (cf.
711 3930 913 3994 12114,
938 3931 1041 3992 10).

478 4075 507 4120 1
549 4067 623 4121 ab
658 4067 795 4121 urbe
826 4067 1010 4123 L³S²e
1040 4071 1121 4138 (in
1148 4071 1245 4124 hoc
1271 4087 1339 4124 ss.
1370 4068 1401 4121 1·
1430 4069 1503 4122 ad
1532 4069 1765 4137 urbem),
1806 4070 1878 4122 ad
1909 4071 2103 4122 urbem
2134 4073 2186 4122 ,Ω
2217 4072 2314 4138 (sic
2344 4072 2508 4125 etiam
2529 4073 2632 4135 11¹,

332 4147 403 4200 ab
442 4147 582 4201 urbe
618 4164 754 4202 corr.
789 4167 852 4202 m.
882 4154 937 4214 2,
974 4157 1035 4203 at
1055 4155 1245 4216 postea
1282 4152 1533 4203 restituta
1568 4153 1753 4217 prima
1783 4151 1956 4209 lectio)
2105 4157 2134 4202 2
2175 4149 2566 4218 interrogabat
2586 4156 2633 4204 Y

332 4233 363 4281 3
394 4227 625 4298 coniugi
646 4229 790 4283 Roth
935 4234 966 4282 ὅ
1006 4228 1121 4282 fero
1156 4231 1228 4284 M
1367 4235 1398 4283 6
1430 4231 1832 4285 ΕΙΤὸ-ιΝὰΕΙὰΝ
1857 4233 1942 4295 Μ,
1982 4231 2144 4284 ΕΥΤ-
2177 4233 2288 4296 rel„
2325 4247 2390 4285 ss.
2425 4230 2630 4284 bonam

328 4347 569 4396 mortem
598 4344 661 4396 in
680 4343 758 4408 H,
798 4344 1002 4397 bonum
1032 4346 1243 4398 exitum
1283 4347 1343 4396 in
1375 4346 1518 4400 VLS
1636 4351 1664 4396 7
1705 4345 1956 4400 afflatam
1982 4349 2056 4400 M
2175 4351 2241 4398 10
2279 4313 2520 4416 paagium
2547 4349 2631 4412 M,

330 4425 460 4477 inde
496 4439 833 4493 praesagum
872 4425 1105 4496 Bentley
1249 4424 1548 4478 diminutio
1590 4427 1752 4481 GKR
1903 4435 1964 4480 14
2005 4426 2254 4493 quinque
2295 4430 2353 4480 et
2391 4427 2632 4494 triginta

334 4504 549 4573 GVSQ
586 4503 853 4573 (quinque
891 4507 1053 4558 etiam
1085 4507 1219 4567 LP)
1401 4511 1465 4558 17
1504 4505 1732 4558 inaedia
1763 4508 1858 4569 M,
1895 4506 2086 4559 inedia
2120 4507 2196 4569 G,
2234 4507 2294 4559 in
2336 4507 2440 4578 ede
2478 4509 2634 4576 Πρὸ

332 4589 401 4636 20
441 4583 597 4636 studi
626 4585 801 4638 Polak
946 4592 1011 4638 22
1049 4585 1313 4654 ficedenti
1347 4586 1397 4638 G
1543 4592 1609 4638 29
1649 4586 1854 4639 natalis
1881 4589 1986 4640 (r'Y

2129 4676 2196 4728 8*
