3259 5209
980 414 1201 471 DIVVS
1234 412 1617 469 AVGVSTVS
1657 424 1788 475 [car.
1817 425 1994 477 43-4-6]
2551 408 2634 473 79

338 578 793 661 ordinauitque
846 582 1063 643 motus
1117 578 1353 643 iniuria
1407 579 1750 659 senatoris,
1806 598 1998 663 quem
2045 574 2334 641 Puteolis
2379 595 2496 659 per
2541 594 2636 637 ce-

336 686 715 753 leberrimos
772 684 960 750 ludos
1022 706 1325 748 consessu
1382 684 1710 768 frequenti
1777 704 1967 749 nemo
2029 684 2370 769 receperat.
2461 680 2636 745 facto

338 794 544 879 igitur
597 792 851 857 decreto
904 794 1163 876 patrum
1220 795 1320 873 ut,
1380 792 1679 875 quotiens
1741 790 1896 874 quid
1956 788 2306 875 spectaculi
2363 808 2636 871 usquam

336 900 598 985 publice
653 899 969 982 ederetur,
1032 898 1277 983 primus
1338 896 1793 963 subselliorum
1853 896 2010 965 ordo
2069 898 2328 961 uacaret
2389 898 2637 959 senato-

282 1032 309 1073 s
335 1007 543 1091 ribus,
584 1006 830 1071 Romae
882 1004 1131 1091 legatos
1186 1004 1535 1069 liberarum
1588 1006 2036 1089 sociarumque
2091 1002 2380 1089 gentium
2427 1002 2638 1065 uetuit

338 1115 409 1179 in
468 1112 793 1179 orchestra
856 1112 1096 1195 sedere,
1162 1132 1305 1175 cum
1374 1110 1686 1195 quosdam
1758 1112 1954 1176 etiam
2028 1108 2314 1175 libertini
2387 1107 2636 1193 generis

337 1220 515 1285 mitti
579 1219 1033 1304 deprendisset.
1133 1206 1407 1283 militem
1478 1220 1752 1283 secreuit
1826 1241 1865 1282 a
1927 1218 2186 1302 populo.
2285 1214 2538 1279 maritis
2601 1236 2638 1278 e
2675 1226 2706 1278 2

340 1327 531 1411 plebe
574 1327 873 1411 proprios
921 1325 1175 1391 ordines
1222 1325 1596 1410 assignauit,
1641 1326 2064 1412 praetextatis
2109 1344 2382 1387 cuneum
2430 1342 2636 1407 suum,

341 1438 407 1497 et
451 1433 819 1519 proximum
864 1432 1285 1517 paedagogis,
1340 1432 1680 1515 sanxitque
1733 1454 1815 1497 ne
1873 1431 2018 1516 quis
2067 1429 2461 1513 pullatorum
2509 1450 2638 1492 me-

254 1564 313 1607 io
340 1540 449 1605 dia
493 1561 689 1604 cauea
733 1537 994 1604 sederet.
1075 1539 1331 1603 feminis
1377 1560 1457 1603 ne
1511 1538 1902 1624 gladiatores
1949 1537 2236 1622 quidem,
2285 1557 2448 1618 quos
2493 1554 2638 1619 pro·

342 1648 585 1710 miscus
648 1646 921 1729 spectari
987 1644 1297 1709 sollemne
1362 1642 1517 1708 olim
1575 1647 1740 1727 erat,
1801 1642 1926 1709 nisi
1987 1663 2068 1709 ex
2121 1640 2446 1727 superiore
2491 1638 2638 1703 loco

342 1756 633 1837 spectare
680 1751 1009 1819 concessit.
1086 1752 1241 1815 solis
1286 1750 1650 1836 uirginibus
1679 1750 2051 1815 Vestalibus
2097 1748 2312 1813 locum
2357 1746 2428 1811 in
2463 1745 2636 1811 thea-
2676 1761 2709 1809 3

342 1865 445 1925 tro
494 1859 835 1945 separatim
884 1862 949 1923 et
1005 1862 1229 1922 contra
1280 1858 1595 1943 praetoris
1641 1857 1928 1923 tribunal
1974 1856 2164 1920 dedit.
2247 1854 2636 1919 athletarum

342 1988 496 2031 uero
564 1966 929 2051 spectaculo
1004 1964 1317 2029 muliebre
1388 1984 1570 2029 secus
1648 1984 1835 2027 omne
1901 1962 2058 2027 adeo
2123 1962 2502 2043 summouit,
2563 1962 2640 2023 ut

261 2097 314 2137 ιε
342 2073 823 2158 pontificalibus
866 2070 1040 2135 ludis
1092 2070 1389 2156 pugilum
1445 2094 1565 2156 par
1616 2071 2018 2155 postulatum
2065 2069 2386 2133 distulerit
2431 2068 2501 2131 in
2545 2066 2638 2130 in-

345 2181 667 2263 sequentis
706 2178 834 2242 diei
870 2162 1260 2243 matutinum
1296 2182 1553 2261 tempus
1593 2177 2018 2259 edixeritque:
2063 2176 2426 2239 mulieres
2465 2178 2638 2238 ante

341 2287 607 2352 horam
691 2284 1033 2368 quintam
1107 2284 1372 2349 uenire
1461 2284 1539 2349 in
1620 2284 2008 2347 theatrum
2089 2303 2241 2347 non
2311 2280 2636 2365 placere.

342 2396 483 2477 ipse
556 2395 868 2457 circenses
942 2412 1022 2455 ex
1095 2392 1447 2455 amicorum
1530 2390 1664 2454 fere
1738 2388 2244 2471 libertorumque
2318 2388 2636 2453 cenaculis
2648 2382 2741 2449 45

344 2500 705 2585 spectabat,
756 2498 1079 2563 interdum
1136 2520 1217 2563 ex
1263 2497 1590 2581 puluinari
1639 2502 1702 2561 et
1750 2495 2006 2579 quidem
2056 2517 2200 2559 cum
2248 2496 2519 2579 coniuge
2567 2514 2640 2559 ac

261 2628 315 2669 20
344 2608 564 2671 liberis
630 2606 870 2671 sedens.
962 2606 1329 2691 spectaculo
1385 2606 1694 2687 plurimas
1764 2604 1983 2687 horas,
2051 2600 2395 2685 aliquando
2465 2604 2639 2665 totos

344 2714 477 2778 dies
540 2714 785 2798 aberat,
848 2712 1053 2799 petita
1113 2713 1304 2776 uenia
1371 2710 1960 2793 commendatisque
2025 2710 2136 2793 qui
2193 2731 2372 2772 suam
2428 2708 2638 2770 uicem

340 2819 763 2905 praesidendo
808 2820 1248 2905 fungerentur.
1330 2841 1555 2882 uerum
1602 2818 1902 2901 quotiens
1939 2817 2206 2898 adesset,
2249 2814 2418 2877 nihil
2460 2834 2638 2897 prae·

343 2932 517 2991 terea
570 2926 827 3011 agebat,
883 2947 993 2991 seu
1050 2925 1301 2990 uitandi
1345 2926 1621 2989 rumoris
1669 2946 1887 3006 causa,
1943 2944 2070 3006 quo
2117 2924 2366 3007 patrem
2416 2918 2638 2983 Caesa-

342 3056 479 3099 rem
525 3034 724 3117 uulgo
778 3032 1233 3117 reprehensum
1292 3030 1864 3113 commemorabat,
1921 3029 2092 3114 quod
2137 3030 2305 3092 inter
2351 3030 2639 3111 spectan-

260 3162 315 3203 2⁶
344 3141 499 3205 dum
566 3138 857 3225 epistulis
921 3140 1286 3221 libellisque
1349 3137 1639 3223 legendis
1709 3141 1820 3201 aut
1881 3135 2300 3201 rescribendis
2367 3138 2640 3219 uacaret,

345 3270 458 3311 seu
504 3246 717 3311 studio
774 3246 1105 3331 spectandi
1159 3267 1234 3311 ac
1286 3246 1652 3328 uoluptate,
1709 3266 1835 3327 qua
1890 3244 2094 3307 teneri
2150 3264 2216 3306 se
2261 3263 2470 3324 neque
2516 3241 2639 3305 dis-

345 3353 677 3418 simulauit
734 3375 1042 3437 umquam
1103 3358 1167 3417 et
1228 3374 1417 3436 saepe
1484 3353 1762 3436 ingenue
1825 3348 2153 3435 professus
2219 3353 2331 3413 est.
2423 3348 2639 3430 itaque
2677 3360 2708 3407 2

345 3460 683 3526 corollaria
737 3465 803 3524 et
854 3460 1139 3543 praemia
1192 3460 1263 3523 in
1320 3459 1543 3523 alienis
1602 3480 1858 3541 quoque
1913 3456 2286 3523 muneribus
2343 3476 2415 3519 ac
2470 3453 2639 3518 ludis

489 3659 555 3707 26
594 3656 662 3721 cf.
705 3654 899 3709 Victor.
943 3654 1091 3709 Caes,
1122 3657 1175 3717 1,
1202 3656 1237 3704 4
1286 3650 1561 3720 flagrante
1610 3649 1767 3703 haud
1819 3650 2039 3705 modice
2085 3648 2308 3703 luxuria
2354 3646 2640 3701 ludorum-

344 3751 454 3803 que
492 3733 771 3803 cupidine.

490 3909 520 3955 2
560 3918 834 3957 consensu
872 3904 947 3957 M
956 3902 1057 3955 VR
1211 3905 1241 3952 6
1291 3899 1578 3953 considere
1616 3900 1758 3965 HR,
1815 3897 2116 3953 consistere
2159 3900 2204 3967 Q
2367 3903 2396 3949 7
2445 3898 2642 3966 depre-

343 3983 633 4037 hendisset
669 3980 873 4037 X'HR
1018 3987 1049 4035 9
1086 3997 1159 4035 ne
1196 3980 1321 4048 quis
1359 3996 1461 4033 om.
1501 3980 1553 4032 V
1695 3986 1757 4033 11
1800 3978 2056 4031 sollemni
2099 3980 2171 4032 M
2313 3984 2378 4031 12
2419 3994 2640 4031 conces-

346 4064 423 4117 sit
450 4062 599 4117 solis.
628 4062 850 4133 distiny.
886 4062 1116 4117 Casaub.
1148 4062 1221 4117 al.
1371 4065 1435 4113 13
1477 4062 1796 4127 separatum
1825 4060 1912 4117 Vg
2069 4064 2134 4110 14
2173 4056 2445 4111 muliebre
2484 4074 2640 4111 secus

346 4147 531 4213 (sexus
574 4143 638 4213 Q)
685 4158 849 4197 omne
889 4144 963 4196 M
974 4142 1043 4211 Q,
1092 4140 1368 4194 muliebre
1407 4146 1542 4193 sexu
1581 4146 1770 4193 somne
1814 4142 1872 4205 V,
1920 4138 2251 4192 muliebrem
2293 4155 2486 4191 sexum
2525 4155 2640 4189 om-

346 4240 475 4277 nem
510 4224 603 4277 νεῖ.
796 4238 985 4277 omnes
1024 4222 1411 4276 [Εὔνοστον.
1602 4219 1955 4274 subsumouit
1987 4222 2061 4272 Μ
2246 4224 2310 4270 15
2349 4218 2557 4287 partim
2591 4217 2642 4270 G-

348 4310 416 4357 16
444 4302 683 4357 edixerit
702 4319 811 4370 quo
835 4304 909 4356 M
913 4305 974 4367 T,
1012 4301 1362 4369 edixeritque
1391 4317 1501 4367 quo
1527 4300 1595 4366 Gr,
1626 4300 1914 4367 edixitque
1943 4301 1991 4352 T
2096 4304 2158 4351 17
2182 4298 2440 4351 uenirent
2461 4297 2642 4350 MGI‘

349 4389 415 4437 19
454 4400 579 4437 cum
618 4382 908 4451 0221.qu
1053 4387 1121 4435 20
1160 4380 1483 4450 spectacula
1506 4381 1652 4449 MQ,
1690 4380 1818 4432 inde
1857 4379 2025 4432 edens
2066 4378 2388 4447 spectacula
2409 4378 2640 4445 Bentley

336 4464 699 4534 probabiliter
806 4467 871 4514 21
906 4460 1101 4515 aberat
1130 4478 1163 4521 ς
1194 4462 1685 4529 (ed.Rasiz.1533),
1716 4460 1912 4513 aderat
1933 4463 2001 4524 Ω,
2025 4460 2279 4513 lacunam
2300 4465 2428 4525 post
2446 4458 2642 4509 aderat

344 4546 541 4598 statuit
578 4544 772 4598 Medd.
918 4558 1021 4595 sua
1054 4542 1181 4595 uice
1220 4542 1387 4595 PST
1526 4546 1591 4593 22
1631 4539 1777 4592 nihil
1813 4557 1911 4592 om.
1957 4542 2029 4593 M
