3259 5209
1221 457 1421 512 NERO
1460 469 1593 518 [cu.
1621 469 1799 518 u-ss]
2523 456 2657 520 263

359 620 663 703 exceptis,
724 623 982 705 recepit.
1066 624 1316 705 partem
1382 622 1578 685 etiam
1633 643 1861 685 census
1918 641 2139 685 omnes
2194 620 2448 686 ordines
2509 643 2657 686 con·
2694 636 2726 684 2

357 725 526 790 ferre
581 728 770 792 iussit
833 733 898 793 et
961 729 1223 811 insuper
1284 727 1637 812 inquilinos
1690 728 2089 811 priuatarum
2154 727 2407 792 aedium
2464 732 2656 812 atque

358 833 716 898 insularum
777 837 1150 918 pensionem
1209 856 1486 899 annuam
1543 839 2017 918 repraesentare
2072 835 2257 918 fisco;
2317 836 2657 918 exegitque

357 941 610 1024 ingenti
673 941 935 1006 fastidio
1002 946 1067 1005 et
1125 940 1472 1006 acerbitate
1531 963 1865 1006 nummum
1932 962 2255 1024 asperum,
2318 945 2656 1026 argentum

303 1071 332 1111 s
358 1046 784 1132 pustulatum,
829 1069 1058 1112 aurum
1106 1047 1186 1111 ad
1235 1047 1587 1131 obrussam,
1633 1051 1709 1111 ut
1748 1047 2041 1131 plerique
2078 1069 2333 1112 omnem
2372 1046 2659 1112 collatio-

359 1175 510 1218 nem
557 1152 770 1237 palam
815 1159 1200 1238 recusarent,
1247 1175 1562 1219 consensu
1609 1153 1979 1238 flagitantes
2024 1176 2062 1217 a
2106 1153 2501 1218 delatoribus
2547 1175 2659 1237 po-

359 1261 492 1323 tius
547 1261 908 1325 reuocanda
973 1263 1258 1344 praemia
1317 1281 1755 1345 quaecumque
1810 1261 2145 1345 cepissent.
2237 1283 2315 1324 ex
2370 1281 2659 1324 annonae
2670 1258 2763 1325 45

363 1387 622 1449 quoque
669 1369 934 1433 caritate
980 1367 1353 1452 lucranti[a]
1404 1368 1690 1432 adcreuit
1736 1367 2007 1452 inuidia3
2050 1388 2203 1431 nam
2250 1371 2315 1430 et
2350 1365 2517 1430 forte
2562 1387 2661 1430 ac-
2720 1423 2731 1432 .

361 1472 545 1554 cidit,
600 1476 675 1539 ut
718 1475 790 1538 in
833 1474 1095 1558 publica
1140 1474 1310 1538 fame
1355 1472 1791 1538 Alexandrina
1846 1476 2029 1538 nauis
2075 1475 2476 1538 nuntiaretur
2522 1472 2660 1556 pul-

281 1603 336 1644 1⁰
362 1599 582 1642 nerem
628 1579 1054 1646 luctatoribus
1101 1579 1326 1645 aulicis
1373 1579 1725 1645 aduexisse.

544 1685 754 1762 Quare
811 1687 1100 1752 omnium
1155 1689 1226 1752 in
1281 1709 1348 1752 se
1404 1687 1552 1752 odio
1599 1687 1869 1752 incitato
1917 1686 2079 1751 nihil
2126 1687 2659 1752 contumeliarum
2699 1702 2731 1750 2

363 1791 572 1855 defuit
627 1793 784 1876 quin
841 1793 1100 1858 subiret.
1187 1797 1436 1858 statuae
1493 1793 1628 1858 eius
1690 1816 1728 1857 a
1773 1795 2013 1858 uertice
2070 1795 2272 1858 cirrus
2327 1793 2661 1877 appositus

365 1903 464 1960 est
510 1920 652 1962 cum
704 1901 1122 1984 inscriptione
1162 1899 1428 1965 Graeca:
1472 1922 1677 1964 nunc
1724 1899 2013 1964 demum
2062 1922 2306 1985 agona
2352 1920 2544 1982 esse,
2588 1903 2660 1963 et

367 2005 710 2070 traderet
763 2006 1086 2070 tandem.
1169 2007 1434 2071 alterius
1491 2005 1659 2071 collo
1716 2028 1949 2090 ascopa
2008 2006 2289 2092 deligata
2342 2006 2661 2090 simulque

282 2135 336 2175 ιε
367 2110 627 2176 titulus:
676 2134 812 2198 ego
848 2113 1030 2197 quid
1057 2113 1322 2197 potui?
1383 2113 1511 2177 sed
1538 2117 1621 2177 tu
1650 2113 1977 2178 culleum
2011 2115 2381 2177 meruisti.
2473 2113 2662 2177 ascri·

367 2220 552 2301 ptum
593 2223 658 2282 et
695 2219 1031 2303 columnis,
1069 2221 1302 2284 etiam
1343 2218 1608 2285 Gallos
1648 2241 1813 2284 eum
1850 2219 2227 2284 cantando
2266 2221 2660 2294 excitasse.

367 2325 496 2387 iam
551 2325 853 2390 noctibus
906 2327 1118 2412 iurgia
1178 2348 1322 2391 cum
1392 2328 1595 2390 seruis
1660 2326 1952 2411 plerique
2007 2325 2381 2391 simulantes
2438 2325 2661 2390 crebro

367 2429 770 2496 Vindicem
817 2433 1182 2516 poscebant.

547 2537 933 2604 Terrebatur
987 2540 1067 2603 ad
1121 2540 1246 2604 hoc
1301 2540 1704 2605 euidentibus
1768 2541 2082 2624 portentis
2143 2542 2539 2604 somniorum
2599 2543 2663 2603 et
2674 2535 2768 2602 46

283 2667 342 2708 πο
369 2647 803 2728 auspiciorum
842 2650 908 2709 et
945 2648 1250 2726 ominum,
1297 2667 1442 2712 cum
1482 2646 1810 2711 ueteribus
1848 2652 1987 2711 tum
2024 2649 2228 2712 nouis.
2312 2668 2665 2730 numquam

369 2756 556 2815 antea
603 2753 922 2816 somniare
968 2751 1198 2817 solitus
1246 2755 1455 2817 occisa
1492 2753 1749 2818 demum
1787 2758 1991 2818 matre
2028 2753 2194 2817 uidit
2231 2775 2345 2836 per
2383 2755 2664 2836 quietem

366 2880 599 2923 nauem
661 2859 784 2924 sibi
843 2861 1093 2944 regenti
1145 2863 1468 2923 extortum
1529 2859 2035 2944 gubernaculum
2089 2859 2387 2943 trahique
2450 2880 2517 2923 se
2582 2859 2663 2922 ab

371 2963 640 3030 Octauia
684 2987 884 3031 uxore
931 2967 1000 3030 in
1037 2968 1389 3030 artissimas
1429 2966 1721 3030 tenebras
1761 2971 1826 3030 et
1862 2967 2053 3030 modo
2091 2969 2501 3050 pinnatarum
2538 2967 2664 3028 for·

369 3073 682 3136 micarum
730 3072 1144 3137 multitudine
1191 3071 1465 3156 oppleri,
1515 3074 1709 3136 modo
1756 3096 1794 3137 a
1840 3072 2200 3137 simulacris
2247 3074 2535 3157 gentium
2584 3071 2663 3136 ad

515 3269 584 3318 20
627 3265 764 3320 Tert.
803 3267 868 3319 de
905 3267 1097 3320 anima
1134 3270 1202 3319 44
1243 3269 1322 3335 (p.
1354 3270 1479 3333 373,
1501 3270 1570 3320 13
1601 3266 1786 3334 Vind.)
1825 3265 1925 3318 sed
1962 3268 2021 3319 et
2054 3265 2333 3319 Neronem
2364 3263 2663 3317 Suetonius

370 3347 430 3396 et
457 3344 897 3413 Thrasymedem
923 3345 1318 3415 Theopompus
1346 3349 1559 3416 negant
1587 3360 1835 3412 unquam
1864 3345 2187 3412 somniasse,
2225 3343 2336 3397 nisi
2363 3343 2461 3397 uix
2489 3343 2541 3396 N
2544 3360 2664 3398 ero·

367 3441 498 3478 nem
535 3423 594 3476 in
631 3423 832 3478 ultimo
870 3425 1025 3478 exitu
1061 3429 1190 3494 post
1225 3441 1464 3494 pauores
1501 3442 1649 3480 suos.

515 3627 540 3673 1
565 3619 802 3690 Recepit
821 3621 996 3674 etiam
1014 3624 1236 3689 partem
1259 3621 1309 3676 G
1392 3628 1424 3673 4
1445 3621 1729 3674 acer-bitae
1751 3623 1823 3674 M
1929 3624 2257 3689 argenteum
2282 3621 2332 3674 G
2416 3625 2448 3672 5
2467 3621 2665 3690 pustu-

369 3700 550 3754 latum
565 3701 632 3768 G,
651 3701 998 3770 postulatum
1017 3703 1117 3754 ΤΡ
1186 3716 1383 3754 aurum
1403 3719 1502 3755 om.
1515 3705 1577 3755 H
1579 3701 1624 3770 Q
1700 3701 1839 3754 adeo
1861 3700 2117 3754 brussam
2135 3701 2205 3766 G,
2224 3701 2297 3754 ad
2317 3699 2577 3754 obtusam
2591 3703 2664 3766 H,

371 3780 634 3834 obtusam
659 3783 710 3836 Τ
734 3780 786 3849 (1-
813 3781 1060 3835 obrizam
1087 3798 1154 3835 ss,
1185 3783 1248 3834 in
1277 3781 1350 3849 R)
1460 3787 1491 3835 8
1521 3780 1767 3834 lucranti
1791 3781 1915 3834 Oud
1935 3823 1947 3844 ,
1978 3780 2257 3834 lucrantia
2286 3779 2449 3848 (luct-
2473 3782 2573 3850 Ος)
2594 3783 2665 3846 Ω,

369 3860 710 3914 lucrantium
731 3877 764 3920 ς
783 3862 932 3929 (inde
951 3860 1195 3914 lucranti
1215 3864 1334 3914 tum
1357 3863 1625 3930 Lipsius),
1645 3861 1985 3914 luctantium
2003 3861 2319 3926 Sabellicus,
2336 3859 2667 3929 flagrantior

374 3943 606 4011 Bentley
729 3945 760 3994 9
789 3940 942 3995 fama
973 3941 1046 3994 M
1172 3947 1236 3994 12
1266 3940 1376 3994 fuit
1405 3942 1633 3996 Ernesti
1758 3957 1948 4010 cyrrus
1983 3940 2043 4010 Q,
2083 3957 2274 3994 currus
2304 3944 2361 3992 X
2486 3946 2549 3993 13
2580 3944 2666 3994 est

373 4037 473 4074 om.
507 4020 558 4074 G
734 4027 800 4074 14
837 4021 1062 4075 raderet
1095 4022 1380 4075 Turnebus
1550 4037 1758 4089 ascopa
1794 4023 1881 4090 (ac
1920 4037 2089 4090 scopa
2119 4022 2191 4086 R,
2231 4023 2288 4072 et
2325 4036 2406 4072 sc·
2438 4020 2566 4089 HQ)
2595 4023 2665 4085 a,

375 4115 642 4169 ascopera
681 4101 800 4155 edd.
840 4117 962 4155 eum
1001 4102 1286 4156 Politiano
1323 4104 1424 4170 (ς),
1467 4117 1692 4154 ascoma
1725 4102 2026 4166 Turnebus,
2064 4098 2233 4161 ἀσκός
2270 4106 2317 4152 et
2354 4105 2467 4152 tum
2504 4115 2666 4167 prae-

373 4171 585 4250 ligatus
617 4181 867 4235 Howard
1045 4180 1298 4250 deligata
1333 4185 1393 4247 T,
1432 4180 1680 4234 delicata
1710 4181 1894 4236 MGX
2070 4187 2135 4233 15
2174 4195 2279 4248 ego
2316 4179 2467 4246 quod
2504 4180 2665 4247 potui

381 4261 534 4314 Torr.
573 4263 712 4328 (coll.
748 4261 866 4316 Ter.
898 4261 1117 4315 Phor-m.
1148 4266 1219 4314 47
1222 4265 1300 4330 8),
1346 4261 1438 4331 egi
1476 4261 1627 4328 quod
1664 4260 1823 4330 potui
1866 4261 2100 4325 Gruter„
2137 4275 2243 4329 ego
2280 4258 2453 4327 quid?
2504 4260 2665 4328 potui

373 4342 529 4409 (dat.)
569 4341 860 4407 Ghawner,
905 4340 998 4410 egi
1045 4357 1150 4409 ego
1197 4341 1347 4408 quod
1393 4341 1551 4410 potui
1593 4341 1843 4395 Howard
2026 4346 2089 4394 16
2129 4339 2423 4392 columnae
2459 4339 2593 4409 H¹Q

374 4419 572 4492 etiam]
609 4419 726 4474 iam
763 4421 900 4490 11¹9
935 4427 984 4476 et
1011 4438 1152 4490 pao-s
1188 4421 1306 4476 edd.
1347 4422 1533 4491 (Roth)
1697 4427 1760 4474 17
1800 4421 1938 4491 iam]
1978 4419 2151 4474 etiam
2195 4419 2345 4474 Tor-r.
2468 4417 2662 4487 pleris-

374 4517 482 4569 que
515 4499 734 4556 Mcr'Ro
861 4505 926 4554 19
966 4503 1023 4554 et
1060 4501 1438 4569 auspiciorum
1477 4517 1576 4555 om.
1612 4501 1663 4555 G
1792 4507 1859 4553 20
1898 4500 2145 4554 omnium
2182 4501 2308 4554 MX
2338 4500 2419 4566 (ni
2455 4501 2519 4553 in
2554 4517 2662 4554 ras.

373 4597 441 4633 m.
465 4585 496 4634 1
521 4581 606 4646 M,
635 4579 786 4634 omisi
807 4581 924 4649 11¹),
953 4579 1244 4636 hominum
1265 4580 1345 4634 Πι
1468 4587 1534 4633 22
1557 4581 1745 4635 nanim
1772 4581 1822 4635 G
1966 4586 2031 4634 23
2052 4583 2426 4649 pennatamm
2448 4580 2673 4635 GXTN
