3259 5209
262 1614 322 1677 ,ιβ

266 2147 321 2187 15

996 461 1214 515 DIVVS
1252 460 1632 515 AVGVSTVS
1674 472 1805 521 [cu.
1833 473 2010 522 42-s³]
2567 460 2654 524 83

351 650 517 691 eum.
614 628 887 710 quadam
938 648 1089 690 uero
1138 626 1527 711 cognitione,
1573 647 1719 689 cum
1766 622 2047 689 Aemilio
2095 624 2367 688 Aeliano
2417 622 2652 689 Cordu-
2693 640 2724 687 2

350 734 538 797 bensi
586 732 753 797 inter
800 736 1009 797 cetera
1052 732 1324 796 crimina
1378 731 1485 796 uel
1540 732 1818 796 maxime
1864 732 2225 796 obiceretur
2269 731 2442 815 quod
2487 732 2656 795 male

352 840 607 925 opinari
664 839 740 902 de
798 837 1063 903 Caesare
1120 840 1381 921 soleret,
1438 860 1786 903 conuersus
1845 838 1926 902 ad
1987 844 2421 903 accusatorem
2483 858 2654 902 com-

351 953 663 1030 motoque
711 947 969 1010 similis:
1014 946 1277 1028 uelim,
1324 945 1554 1031 inquit,
1600 944 1743 1011 hoc
1789 946 1976 1011 mihi
2024 946 2330 1030 probes3
2375 946 2653 1019 faciam

353 1055 554 1119 sciat
598 1052 968 1117 Aelianus
1016 1058 1087 1117 et
1134 1076 1243 1117 me
1298 1052 1641 1139 linguam
1689 1052 1996 1138 habere,
2051 1054 2277 1137 plura
2321 1052 2519 1117 enim
2568 1052 2655 1115 de

352 1184 441 1224 eo
490 1161 785 1243 loquar3
830 1182 947 1225 nec
997 1161 1337 1243 quicquam
1386 1160 1555 1223 ultra
1600 1165 1714 1223 aut
1761 1160 1976 1224 statim
2027 1164 2139 1224 aut
2174 1164 2402 1243 postea
2447 1158 2656 1242 inqui—

352 1269 481 1332 siit.
563 1266 822 1331 Tiberio
872 1289 1127 1351 quoque
1165 1267 1241 1330 de
1279 1266 1494 1331 eadem
1535 1290 1632 1351 re,
1679 1267 1788 1331 sed
1826 1267 2172 1332 uiolentius
2221 1266 2389 1351 apud
2437 1288 2504 1330 se
2542 1288 2657 1349 per
2693 1278 2727 1328 8

352 1375 698 1457 epistulam
738 1375 1157 1457 conquerenti
1186 1376 1276 1439 ita
1302 1375 1660 1459 rescripsit:
1709 1374 1952 1438 aetati
1991 1377 2189 1457 tuae,
2228 1374 2328 1437 mi
2366 1372 2654 1453 Tiberi,

350 1482 515 1545 noli
565 1483 642 1545 in
688 1481 829 1545 hac
874 1503 951 1545 re
998 1481 1403 1567 indulgere
1451 1486 1525 1545 et
1578 1480 1906 1545 nimium
1963 1480 2357 1566 indignari
2403 1501 2654 1563 quem-

353 1610 573 1671 quam
621 1609 811 1671 esse,
868 1587 998 1671 qui
1044 1587 1129 1651 de
1175 1610 1287 1652 me
1335 1587 1527 1653 male
1571 1588 1966 1672 loquatur3
2022 1588 2211 1652 satis
2270 1591 2383 1650 est
2429 1588 2657 1669 enim,

353 1695 418 1758 si
464 1694 609 1759 hoc
654 1694 1019 1759 habemus
1064 1716 1157 1759 ne
1203 1694 1374 1779 quis
1422 1694 1644 1759 nobis
1691 1694 1884 1758 male
1929 1694 2183 1759 facere
2231 1694 2500 1777 possit.
2603 1754 2610 1761 .

532 1801 827 1887 Templa,
878 1802 1173 1886 quamuis
1230 1802 1420 1867 sciret
1468 1803 1660 1866 etiam
1715 1800 2209 1887 proconsulibus
2257 1800 2508 1864 decerni
2556 1822 2648 1863 so·
2671 1794 2762 1859 52

351 1910 510 1993 lere,
568 1909 637 1973 in
687 1911 871 1973 nulla
913 1914 1131 1974 tamen
1175 1909 1513 1994 prouincia
1556 1910 1685 1973 nisi
1735 1910 2060 1973 communi
2119 1932 2235 1973 suo
2282 1907 2654 1990 Romaeque

352 2017 616 2080 nomine
661 2018 916 2099 recepit.
964 2039 1115 2081 nam
1162 2016 1227 2080 in
1274 2016 1433 2080 urbe
1480 2016 1738 2101 quidem
1787 2016 2295 2100 pertinacissime
2343 2013 2656 2079 abstinuit

352 2121 480 2187 hoc
526 2122 796 2207 honore3
852 2128 1045 2207 atque
1101 2124 1294 2187 etiam
1343 2128 1678 2209 argenteas
1734 2126 1976 2186 statuas
2034 2124 2186 2188 olim
2237 2121 2362 2185 sibi
2408 2121 2654 2206 positas

352 2230 662 2294 conflauit
717 2230 927 2293 omnis
976 2232 1263 2313 exqu<e>
1307 2231 1389 2294 iis
1436 2253 1658 2295 aureas
1706 2232 1986 2296 cortinas
2025 2228 2314 2314 Apollini
2357 2227 2652 2293 Palatino

352 2336 691 2401 dedicauit.

531 2440 933 2507 Dictaturam
994 2465 1228 2529 magna
1286 2443 1355 2507 ui
1417 2444 1722 2508 offerente
1783 2445 2024 2528 populo
2079 2465 2250 2529 genu
2304 2442 2495 2506 nixus
2551 2440 2654 2503 de-

357 2549 521 2613 iecta
581 2549 661 2613 ab
718 2551 956 2613 umeris
1013 2554 1166 2636 toga
1223 2549 1396 2615 nudo
1458 2555 1716 2635 pectore
1779 2550 2154 2634 deprecatus
2211 2554 2323 2613 est.
2409 2539 2758 2613 domini53

500 2784 565 2831 12
606 2778 787 2833 Victor
818 2780 967 2835 Caes.
990 2785 1042 2845 1,
1064 2784 1101 2831 6
1136 2778 1377 2847 hincque
1417 2779 1499 2832 uti
1542 2780 1647 2833 deo
1685 2780 1898 2832 Romae
1935 2778 2354 2848 prouinciisque
2391 2775 2652 2830 omnibus

353 2875 455 2927 per
492 2858 655 2911 urbes
694 2858 1089 2912 celeberrimas
1127 2858 1260 2913 uiuo
1299 2863 1633 2927 mortuoque
1671 2859 1911 2929 templa,
1952 2860 2272 2913 sacerdotes
2312 2861 2371 2911 et
2409 2855 2653 2923 collegia

354 2955 648 2992 sacrauere
670 2940 757 3007 (cf.
780 2940 937 3007 Epit.
962 2946 1012 3005 1,
1030 2941 1143 3008 28).
1293 2946 1358 2993 19
1376 2956 1495 3009 sqq.
1536 2942 1670 2993 Tert.
1693 2942 1835 3008 apol.
1861 2944 1930 2993 34
1957 2942 2246 3008 Augustus
2281 2937 2504 3006 imperii
2541 2936 2651 2988 for-

352 3021 539 3071 mator
566 3036 634 3072 ne
665 3018 951 3073 dominum
974 3020 1201 3087 quidem
1230 3019 1345 3073 dici
1376 3037 1435 3074 se
1462 3019 1711 3073 uolebat.
1775 3021 1923 3074 Oros.
1949 3020 2184 3085 V122‚4
2214 3018 2427 3071 domini
2458 3016 2650 3085 appel-

354 3098 625 3151 lationem
672 3102 737 3152 ut
781 3099 949 3152 homo
998 3098 1323 3153 declinauit.
1398 3118 1531 3153 nam
1579 3118 1706 3153 cum
1755 3099 1950 3153 eodem
1994 3102 2286 3166 spectante
2325 3096 2488 3149 ludos
2525 3112 2652 3165 pro-

352 3178 680 3231 nuntiatum
716 3184 866 3233 esset
902 3178 961 3231 in
997 3180 1169 3233 mimo
1209 3180 1490 3251 <Ribbeck
1526 3197 1656 3233 com.
1695 3179 1832 3249 fr9.³
1861 3198 1920 3247 p.
1952 3183 2103 3250 378>
2138 3180 2193 3231 ‘o
2233 3178 2522 3231 dominum
2559 3192 2652 3228 ae-

353 3276 527 3325 quum
566 3262 622 3311 et
660 3259 891 3312 bonum’
932 3259 1318 3327 uniuersique,
1369 3261 1531 3327 quasi
1571 3261 1640 3313 de
1689 3260 1811 3329 ipso
1852 3258 2066 3313 dictum
2105 3261 2280 3325 esset,
2331 3256 2652 3311 exultantes

354 3338 841 3407 adprobauissent‚
882 3342 939 3393 et
978 3341 1173 3393 statim
1202 3341 1431 3408 quidem
1464 3358 1636 3393 manu
1665 3340 1940 3407 uultuque
1969 3340 2263 3393 indecoras
2295 3337 2651 3391 adulationes

354 3419 623 3487 repressit
659 3423 715 3474 ct
754 3420 1074 3489 insequenti
1113 3421 1205 3474 die
1240 3420 1578 3491 grauissimo
1618 3420 1892 3489 corripuit
1919 3421 2124 3486 edicto,
2161 3419 2560 3484 dominumque
2592 3432 2650 3469 se

352 3500 591 3567 posthac
628 3500 905 3569 appellari
942 3518 1014 3553 ne
1052 3519 1087 3555 a
1116 3500 1308 3554 liberis
1347 3500 1576 3569 quidem
1614 3503 1716 3553 aut
1752 3500 2052 3569 nepotibus
2093 3500 2207 3552 suis
2245 3497 2337 3552 uel
2377 3498 2522 3550 serio
2559 3496 2652 3549 uel

354 3582 476 3634 ioco
522 3598 721 3649 passus
769 3582 869 3633 est.
928 3580 1076 3644 (inde
1114 3583 1289 3649 paulo
1341 3583 1503 3635 aliter
1550 3583 1749 3635 Isidor.
1789 3582 1922 3649 oriq.
1955 3582 2052 3633 IX
2088 3584 2146 3647 3,
2179 3584 2282 3648 17).
2357 3580 2425 3643 cf.
2473 3578 2650 3631 Laur.

352 3662 497 3731 Lyd.
546 3662 612 3715 de
656 3678 797 3731 may.
829 3667 891 3727 1,
922 3667 957 3715 6
1008 3660 1330 3731 Αὔγουστός
1373 3680 1535 3725 ποτε,
1590 3659 1621 3729 ’ἢ
1669 3660 1811 3731 τάχα
1864 3660 2120 3731 Τιβέριος
2164 3660 2252 3726 (cf.
2304 3660 2416 3713 Tib.
2448 3660 2571 3725 27),
2619 3656 2650 3709 ὁ

354 3737 472 3811 μετ’
498 3740 689 3808 αὐτόν,
717 3741 859 3809 πρὸς
888 3740 1013 3804 ἑνὸς
1038 3750 1151 3795 τῶν
1178 3741 1433 3796 κολάκων
1454 3741 1726 3809 δεσπότης
1748 3740 2103 3809 ὀνομασθεὶς,
2133 3739 2438 3805 ἐξαναστὰς
2465 3739 2652 3805 ἀφῆκε

351 3822 452 3876 τὸν
480 3820 747 3891 σύλλογον
776 3822 1119 3887 ἀπαξιώσας,
1149 3823 1223 3883 ὡς
1252 3822 1378 3890 ἔφη,
1408 3823 1629 3883 δούλοις
1659 3820 2018 3889 διαλέγεσθαι
2048 3822 2135 3889 (cs.
2168 3822 2232 3873 (Ie
2255 3836 2418 3873 mens.
2441 3822 2648 3885 4,11.·2).

629 3950 779 3957 *—

499 4042 525 4088 1
568 4036 703 4089 dum
736 4036 787 4091 G
934 4042 965 4088 2
1005 4036 1252 4089 obiceret
1284 4036 1335 4090 G
1480 4042 1512 4087 4
1551 4036 1906 4103 probefacias
1941 4036 1990 4089 G
2137 4040 2164 4087 7
2207 4034 2304 4087 sed
2345 4032 2648 4085 uiolentius

353 4117 615 4171 Pithoeus
658 4122 709 4171 et
752 4118 833 4171 sic
877 4118 1115 4171 uoluisse
1162 4117 1383 4169 uidetur
1419 4122 1682 4170 corrector
1718 4116 1920 4169 codicis
1969 4116 2020 4168 V
2051 4116 2110 4167 in
2149 4116 2394 4183 marye'ne
2441 4112 2649 4165 adseri-

353 4198 481 4251 bens
518 4196 653 4262 uiol,
692 4196 887 4250 sedulo
924 4196 1131 4250 lentius
1166 4199 1239 4251 M
1248 4197 1298 4251 G
1313 4198 1433 4261 Vr,
1474 4196 1668 4249 sedulo
1707 4194 2012 4247 uiolentius
2043 4198 2100 4246 Χ
2105 4196 2168 4247 Ν
2173 4236 2188 4259 ,
2228 4192 2325 4246 sed
2366 4192 2648 4243 dolentius

350 4278 585 4348 Bentley
728 4293 947 4346 semper
975 4279 1052 4332 M
1190 4282 1222 4329 8
1260 4277 1343 4329 ita
1380 4294 1480 4329 om.
1514 4277 1563 4327 V
1694 4275 1892 4339 iactati
1930 4276 2014 4339 M,
2051 4274 2254 4343 pietati
2295 4274 2330 4325 ὃ
2358 4273 2647 4341 (Betztlew,

350 4358 420 4422 cf.
455 4358 649 4412 Claud.
683 4362 755 4409 16
892 4362 957 4410 10
996 4359 1107 4428 me]
1138 4356 1299 4409 nobis
1334 4356 1383 4409 G
1511 4356 1662 4409 mala
1703 4358 1754 4410 V
1874 4358 1959 4408 est
1987 4373 2086 4408 om.
2120 4356 2170 4407 V
2287 4360 2351 4405 12
2391 4351 2647 4419 quemuis

356 4438 426 4491 Μ
435 4437 449 4467 ¹
596 4436 775 4489 solere
812 4453 911 4491 om.
948 4440 997 4490 Τ
1142 4443 1206 4489 16
1246 4453 1423 4505 exque
1462 4438 1530 4489 iis
1573 4436 1806 4491 Casaub.
1855 4440 2054 4505 (exque
2102 4450 2167 4487 ea
2205 4433 2446 4502 pecunia
2487 4434 2643 4486 Mon.

352 4520 559 4587 Ancyr.
600 4518 699 4570 IV
728 4520 847 4584 53),
906 4533 972 4571 ex
1010 4517 1157 4584 quiis
1197 4522 1395 4583 (ortum
1441 4535 1507 4571 ea:
1545 4533 1722 4583 exque
1762 4516 1809 4568 is
1825 4516 1875 4585 ?)
1917 4517 2050 4569 MV
2081 4516 2161 4580 (in
2203 4517 2275 4568 M
2306 4516 2327 4566 i
2359 4515 2519 4581 prior
2555 4528 2643 4565 ex-

344 4605 557 4666 puncta
602 4614 671 4651 m.
700 4600 784 4667 2),
831 4614 899 4651 ex
936 4597 1063 4665 quis
1099 4600 1247 4667 (quis
1290 4598 1357 4663 G,
1396 4596 1554 4665 quib;
1592 4598 1688 4651 Sei
1732 4598 1930 4660 GXT,
1970 4611 2111 4662 eque
2151 4598 2185 4649 δ

2152 4684 2219 4735 6-
