3259 5209
1186 435 1431 491 GALBA
1468 449 1600 499 [cu.
1631 449 1807 499 18—201
2514 439 2644 502 283

527 599 694 664 Sunt
730 601 842 684 qui
877 599 1152 682 tradant,
1190 599 1270 664 ad
1301 601 1582 684 primum
1621 600 1973 666 tumultum
2010 597 2437 686 proclamasse
2474 605 2753 672 eum120

344 705 528 789 quid
565 707 806 793 agitis
845 699 1462 773 commilitones?
1535 699 1677 794 ego
1715 712 1973 772 uester
2010 729 2169 772 sum
2200 711 2274 771 et
2308 728 2445 772 uos
2474 708 2645 791 mei,

343 811 725 878 donatiuum
755 814 946 878 etiam
977 815 1356 897 pollicitum.
1404 813 1622 899 plures
1652 819 1867 878 autem
1896 812 2315 899 prodiderunt
2333 811 2644 898 optulisse

341 921 515 983 ultro
554 919 850 1006 iugulum
899 924 964 984 et
1009 925 1091 984 ut
1127 921 1270 984 hoc
1305 924 1626 1007 agerent
1663 942 1746 985 ac
1786 921 2141 1005 ferirent,
2188 919 2488 1005 quando
2536 921 2645 984 ita

285 1051 314 1092 s
344 1025 770 1110 uideretur,
834 1017 1180 1092 hortatum.
1281 1026 1445 1091 illud
1503 1028 1738 1093 mirum
1786 1027 2132 1092 admodum
2185 1026 2381 1092 fuerit
2434 1049 2645 1110 neque

337 1133 772 1214 praesentium
837 1155 1231 1217 quemquam
1291 1155 1478 1218 opem
1541 1135 1915 1219 imperatori
1984 1127 2151 1198 ferre
2216 1137 2517 1198 conatum
2578 1138 2643 1199 et

341 1259 562 1303 omnes
611 1241 724 1323 qui
771 1243 1240 1304 arcesserentur
1289 1242 1608 1324 spreuisse
1656 1241 1951 1306 nuntium
2003 1244 2272 1326 excepta
2318 1239 2642 1306 Germani-

341 1345 755 1428 ci<an>orum
786 1346 1216 1412 uexillatione.
1284 1348 1332 1411 ii
1370 1347 1452 1412 ob
1492 1368 1715 1413 recens
1752 1348 2073 1430 meritum,
2111 1347 2283 1431 quod
2320 1369 2388 1412 se
2414 1369 2642 1434 aegros

339 1457 404 1515 et
451 1452 771 1516 inualidos
808 1475 1044 1538 magno
1074 1453 1353 1538 <o>pere
1389 1454 1678 1539 fouisset,
1724 1455 1793 1519 in
1821 1454 2131 1520 auxilium
2161 1454 2645 1538 aduolauerunt,

257 1585 312 1625 ιο
341 1560 452 1623 sed
499 1559 702 1624 serius
750 1560 977 1626 itinere
1023 1561 1211 1624 deuio
1259 1581 1372 1644 per
1417 1560 1847 1645 ignorantiam
1896 1560 2185 1626 locorum
2229 1561 2552 1627 retardati.

519 1664 856 1752 Iugulatus
915 1672 1014 1731 est
1073 1667 1152 1732 ad
1211 1669 1422 1732 lacum
1485 1666 1666 1732 Curti
1728 1688 1804 1732 ac
1861 1667 2122 1734 relictus
2184 1669 2274 1732 ita
2334 1669 2431 1732 uti
2490 1673 2643 1751 erat,
2678 1691 2709 1737 2

340 1773 540 1838 donec
587 1774 918 1860 gregarius
975 1775 1160 1839 miles
1207 1797 1243 1838 a
1291 1775 1790 1839 frumentatione
1836 1774 2087 1839 rediens
2142 1773 2395 1839 abiecto
2451 1796 2641 1839 onere

341 1884 536 1964 caput
581 1881 640 1944 ei
686 1882 1076 1964 amputauit3
1122 1885 1188 1946 et
1235 1882 1538 1965 quoniam
1586 1882 1822 1965 capillo
1869 1882 2147 1965 arripere
2192 1902 2321 1945 non
2368 1885 2643 1965 poterat,

342 1987 408 2050 in
454 1989 772 2072 gremium
821 1987 1099 2071 abdidit,
1145 2009 1297 2052 mox
1343 1987 1583 2052 inserto
1629 2009 1746 2072 per
1792 2009 1865 2052 os
1908 1988 2146 2073 pollice
2193 1988 2270 2051 ad
2317 1985 2641 2052 Othonem

261 2117 316 2158 ιε
345 2093 590 2157 detulit.
675 2093 784 2158 ille
844 2095 994 2159 lixis
1057 2095 1514 2179 calonibusque
1572 2095 1865 2178 donauit,
1926 2095 2036 2180 qui
2093 2094 2279 2159 hasta
2333 2094 2637 2159 suffixum

337 2222 467 2266 non
519 2201 658 2266 sine
704 2201 982 2266 ludibrio
1038 2203 1278 2266 circum
1335 2207 1542 2266 castra
1595 2206 1938 2286 portarunt
1984 2201 2413 2267 adclamantes
2468 2202 2638 2266 iden-

339 2307 566 2372 tidem:
644 2307 884 2372 Galba
931 2307 1252 2392 Cupide,
1307 2308 1594 2373 fruaris
1652 2312 1903 2372 aetate
1959 2313 2115 2394 tua,
2179 2309 2455 2373 maxime
2502 2308 2639 2373 irri-

339 2415 456 2478 tati
519 2415 600 2478 ad
660 2416 854 2480 talem
911 2415 1200 2480 iocorum
1256 2414 1707 2498 petulantiam,
1769 2415 1942 2499 quod
2002 2421 2149 2480 ante
2208 2437 2449 2501 paucos
2504 2415 2639 2481 dies

339 2523 582 2585 exierat
611 2521 680 2585 in
703 2523 958 2607 uulguS,
996 2521 1283 2586 laudanti
1314 2521 1565 2586 cuidam
1596 2521 1869 2586 formam
1910 2544 2085 2586 suam
2129 2527 2203 2588 ut
2235 2522 2443 2588 adhuc
2469 2523 2640 2588 flori-

257 2648 314 2688 no
343 2627 487 2691 dam
527 2632 594 2692 et
630 2633 924 2714 uegetam
957 2629 1361 2711 respondisse
1390 2650 1536 2692 eum
1567 2629 1797 2707 (Hom.
1824 2628 1906 2693 Il.
1936 2631 1994 2710 5,
2011 2632 2140 2693 254
2178 2628 2287 2694 Od.
2307 2634 2412 2713 21,
2440 2633 2639 2712 426>2

944 2759 1043 2828 ἔτι
1087 2787 1198 2844 μοι
1247 2761 1444 2846 μένος
1489 2763 1775 2845 ἔμπεδόν
1820 2761 2017 2827 ἐστιν.

339 2902 419 2966 ab
467 2903 523 2966 is
580 2902 869 2969 Patrobii
915 2903 1269 2968 Neroniani
1326 2903 1595 2969 libertus
1657 2907 1910 2968 centum
1974 2905 2181 2969 aureis
2236 2903 2635 2988 redemptum

338 3031 412 3073 eo
459 3011 635 3094 1000,
692 3011 804 3075 ubi
850 3011 1030 3076 iussn
1077 3009 1320 3076 Galbae
1377 3011 1891 3074 animaduersum
1942 3013 2009 3073 in
2057 3014 2399 3094 patronum
2449 3033 2633 3076 suum

336 3115 575 3199 fuerat,
632 3116 880 3182 abiecit.
967 3139 1110 3183 sero
1167 3117 1424 3182 tandem
1482 3118 1887 3202 dispensator
1940 3116 2225 3203 Argiuus
2286 3121 2351 3182 et
2403 3118 2528 3183 hoc
2573 3122 2637 3182 et

257 3241 308 3283 π
339 3227 621 3287 ceterum
679 3228 978 3289 truncum
1040 3223 1107 3287 in
1162 3224 1435 3309 priuatis
1490 3225 1623 3288 eius
1682 3225 1889 3288 hortis
1944 3223 2208 3289 Aurelia
2266 3225 2375 3289 uia
2429 3226 2637 3309 sepul-

336 3333 518 3394 turae
565 3329 755 3394 dedit.

482 3529 544 3575 11
588 3524 823 3590 Eutrop.
866 3524 984 3577 VII
1009 3528 1094 3588 16,
1124 3527 1158 3576 3
1195 3521 1482 3592 iugulatus
1521 3522 1580 3575 in
1621 3523 1744 3576 foro
1783 3522 2049 3576 Romano.
2127 3522 2312 3577 Victor
2341 3523 2489 3577 Caes.
2521 3528 2572 3588 6,
2602 3529 2637 3576 3

338 3602 412 3655 ad
452 3601 641 3656 lacurn
669 3601 921 3657 Curtium
960 3619 1154 3657 caesus
1184 3604 1269 3656 est
1297 3604 1472 3671 (Epic.
1497 3608 1547 3667 6,
1569 3607 1637 3670 4).
1697 3604 1765 3668 cf.
1794 3603 1941 3656 Oros.
1968 3605 2085 3658 VII
2099 3608 2152 3669 8,
2174 3608 2205 3656 1
2243 3604 2339 3672 (ad
2363 3604 2520 3658 Galb.
2541 3609 2633 3670 23)

339 3687 406 3734 25
446 3684 682 3752 Eutrop.
717 3684 836 3737 VII
861 3689 950 3750 16,
979 3687 1013 3736 3
1051 3683 1417 3751 sepultusque
1454 3683 1512 3735 in
1549 3682 1727 3735 hortis
1766 3683 1907 3748 suis,
1963 3684 2061 3751 qui
2106 3687 2238 3737 sunt
2272 3683 2505 3736 Aurelia
2540 3685 2635 3738 uia

336 3779 448 3815 non
485 3761 652 3832 longe
692 3763 763 3817 ab
801 3764 940 3817 urbe
977 3763 1170 3817 Roma.

485 3931 510 3975 1
553 3923 693 3976 Sunt
732 3927 921 3977 autem
951 3923 1152 3978 POST
1288 3930 1321 3977 4
1360 3927 1424 3977 ut
1461 3923 1562 3978 del.
1599 3923 1649 3977 T
1646 3940 1751 3977 οη.
1899 3939 1967 3975 ac
2005 3921 2237 3976 ferirent
2272 3923 2373 3976 del.
2406 3925 2637 3992 Lipsius

337 4009 370 4055 ὅ
407 4002 594 4056 fuerat
624 4004 700 4070 G,
757 4003 868 4057 fuit
895 4005 962 4057 N
1171 4010 1202 4057 6
1242 4005 1430 4073 optem
1462 4005 1556 4069 M,
1603 4020 1702 4058 om.
1735 4004 1845 4074 HQ
1884 4005 2171 4058 inserentes
2208 4003 2481 4057 auxilium
2510 4013 2636 4073 post

335 4082 664 4151 imperatori
871 4089 900 4136 7
941 4084 1340 4139 arcessirentur
1372 4085 1552 4138 MGY
1766 4083 2317 4138 Germanicianorum
2354 4085 2635 4139 Turnebus

339 4169 370 4216 9
399 4163 696 4217 refouisset
725 4163 1018 4231 Woelfflin,
1056 4166 1125 4230 cf.
1156 4166 1279 4219 Tac.
1309 4165 1432 4218 hist.
1461 4165 1590 4220 131
1777 4170 1842 4217 12
1873 4163 2096 4218 abiecta
2126 4166 2193 4218 M
2335 4169 2398 4217 13
2428 4163 2634 4232 capillo

337 4257 474 4312 prae
511 4242 742 4298 caluitio
779 4243 919 4299 ΠΙ,8
963 4250 1011 4299 et
1049 4263 1083 4303 ς
1109 4246 1348 4313 plurimi
1395 4245 1588 4314 (uulq.)
1845 4249 1909 4297 14
1948 4243 2173 4299 addidit
2210 4243 2413 4299 ΡῑΒΠι
2449 4245 2634 4312 (Roth)

340 4327 404 4376 17
446 4323 648 4392 cupide
681 4323 791 4378 ΘΧ
811 4325 1004 4394 (uulq.)
1123 4330 1191 4377 20
1231 4327 1288 4378 et
1325 4324 1411 4394 (Sc)
1450 4332 1580 4379 ame
1613 4322 1693 4376 ἔτι
1730 4324 1859 4378 add.
1895 4324 2056 4378 GXR
2094 4324 2158 4394 (81,
2187 4323 2234 4376 ti
2262 4341 2370 4392 pro
2400 4323 2475 4378 ἔτι
2506 4326 2632 4395 HQ)

339 4408 405 4455 22
447 4403 534 4457 his
577 4405 733 4458 GX'P
767 4405 856 4473 (cf.
893 4407 1026 4470 280,
1049 4406 1134 4472 14)
1291 4403 1535 4474 patrobil
1574 4404 1727 4472 (-roil
1764 4406 1834 4470 T)
1873 4406 1941 4472 Ω,
1980 4422 2117 4458 corr.
2157 4423 2189 4463 ς
2227 4403 2561 4473 (Sabellicus)

339 4483 677 4536 neronianus
704 4486 752 4536 Τ
774 4491 824 4538 et
849 4485 928 4537 sic
949 4482 1028 4537 L³
1046 4499 1181 4538 corr.
1203 4501 1270 4538 ea:
1296 4483 1585 4537 neroniam
1710 4482 1765 4537 G.
1789 4484 1944 4536 aurei
1969 4485 2021 4539 G
2139 4489 2205 4537 23
2244 4483 2543 4537 aduersum
2565 4485 2641 4538 Μ

341 4569 407 4616 24
445 4579 566 4616 sero
604 4579 704 4617 om.
740 4565 791 4619 G
937 4569 1002 4616 25
1042 4563 1256 4617 aurelia
1291 4563 1387 4617 uia
1420 4565 1470 4618 G
1507 4565 1735 4632 (Eunt),
1775 4563 2022 4618 aureliae
2058 4563 2187 4619 uiae
2222 4565 2315 4618 rel.
