3259 5209
1242 452 1437 508 OTHO
1476 463 1781 516 tems-111
2526 451 2654 518 291

358 639 479 682 nec
524 617 767 682 frustra
810 617 1185 702 opinantur,
1240 616 1451 704 magis
1499 615 1774 701 pudore,
1825 637 1908 681 ne
1961 619 2145 682 tanto
2191 637 2408 682 rerum
2453 615 2658 682 homi·

358 746 645 809 numque
713 723 1003 810 periculo
1076 717 1583 788 dominationem
1657 721 1782 789 sibi
1853 743 2134 788 asserere
2205 727 2660 807 perseueraret,

362 853 556 916 quam
603 831 1049 916 desperatione
1084 829 1221 896 ulla
1257 835 1371 896 aut
1414 829 1776 895 diffidentia
1819 831 2178 915 copiarum3
2223 830 2464 915 quippe
2509 831 2660 894 resi-

360 938 505 1003 duis
551 937 951 1024 integrisque
1010 939 1205 1002 etiam
1258 959 1433 1002 nunc
1488 957 1647 1020 quas
1705 958 1922 1002 secum
1968 935 2050 1000 ad
2095 936 2414 1002 secundos
2473 957 2659 1002 casus

306 1071 333 1112 a
361 1045 747 1130 detinuerat,
804 1049 869 1109 et
914 1043 1515 1127 superuenientibus
1560 1044 1706 1108 aliis
1751 1066 1788 1108 e
1831 1042 2157 1110 Dalmatia
2201 1041 2662 1128 Pannoniaque

358 1155 427 1216 et
460 1149 727 1235 Moesia,
769 1169 852 1216 ne
898 1149 1089 1216 uictis
1128 1149 1387 1234 quidem
1424 1149 1582 1216 adeo
1629 1151 1894 1216 afflictis
1937 1153 2014 1215 ut
2053 1171 2186 1214 non
2231 1152 2301 1214 in
2345 1149 2660 1215 ultionem

358 1259 753 1345 ignominiae
800 1257 1060 1340 quiduis
1107 1256 1493 1322 discriminis
1538 1255 1712 1322 ultro
1759 1260 1826 1321 et
1869 1257 1977 1322 uel
2022 1257 2194 1322 solae
2241 1257 2548 1322 subirent.

537 1362 845 1428 Interfuit
888 1363 1041 1430 huic
1085 1363 1259 1428 bello
1294 1367 1479 1448 pater
1524 1385 1706 1430 meus
1743 1362 2090 1430 Suetonius
2131 1363 2386 1447 Laetus,
2431 1363 2658 1428 tertiae
2678 1364 2769 1432 1⁰

360 1471 641 1536 decimae
712 1469 989 1557 legionis
1064 1470 1365 1534 tribunus
1440 1470 1966 1556 angusticlauius.
2067 1471 2124 1536 is
2199 1491 2350 1536 mox
2423 1470 2658 1536 referre

278 1604 334 1646 ιο
362 1578 587 1644 crebro
646 1577 898 1642 solebat
958 1574 1279 1642 Othonem
1349 1577 1544 1641 etiam
1613 1578 1942 1661 priuatum
2012 1597 2218 1660 usque
2273 1575 2432 1640 adeo
2493 1576 2660 1641 dete·

362 1687 607 1749 statum
654 1685 873 1749 ciuilia
918 1704 1123 1769 arma,
1177 1687 1253 1748 ut
1305 1688 1701 1748 memorante
1749 1682 2026 1766 quodam
2087 1683 2260 1747 inter
2311 1683 2535 1766 epulas
2582 1682 2660 1748 de

363 1789 543 1856 Cassi
580 1789 895 1875 Brutique
932 1790 1110 1854 exitu
1148 1789 1577 1874 cohorruerit3
1614 1810 1735 1856 nec
1772 1810 2232 1856 concursurum
2271 1811 2416 1854 cum
2456 1787 2662 1855 Galba

360 1897 587 1980 fuisse,
632 1898 761 1962 nisi
806 1897 1157 1962 confideret
1202 1898 1339 1962 sine
1382 1895 1556 1961 bello
1602 1917 1738 1960 rem
1784 1897 2060 1982 transigi
2105 1917 2323 1981 posse3
2378 1901 2536 1962 tunc
2581 1897 2662 1962 ad

362 2003 837 2088 despiciendam
888 2004 1091 2068 uitam
1147 2004 1441 2086 exemplo
1497 2001 1918 2086 manipularis
1970 2003 2200 2068 militis
2249 2004 2662 2087 concitatum,

282 2137 335 2178 ιε
363 2111 477 2195 qui
514 2132 661 2175 cum
698 2109 943 2175 cladem
981 2110 1299 2175 exercitus
1334 2111 1666 2174 nuntiaret
1699 2129 1820 2174 nec
1857 2111 2154 2193 cuiquam
2192 2108 2384 2174 fidem
2422 2111 2662 2176 faceret

364 2239 439 2282 ac
466 2238 641 2282 nunc
665 2215 956 2281 mendaci
994 2238 1167 2282 nunc
1202 2216 1477 2300 timoriS,
1525 2217 1711 2299 quasi
1753 2217 2046 2303 fugisset,
2083 2238 2162 2282 ex
2196 2217 2332 2282 acie
2369 2237 2660 2304 arguere-

362 2328 488 2407 tur,
533 2324 752 2410 gladio
798 2328 947 2388 ante
990 2323 1185 2406 pedes
1230 2323 1369 2387 eius
1416 2323 1800 2388 incubuerit.
1881 2323 2008 2388 hoc
2050 2323 2196 2388 uiso
2232 2323 2664 2416 proclamasse

364 2451 511 2496 eum
556 2430 785 2512 aiebat,
834 2451 985 2494 non
1030 2429 1361 2512 amplius
1408 2451 1485 2494 se
1530 2430 1609 2494 in
1651 2429 2079 2514 periculum
2124 2430 2310 2494 talis
2357 2435 2660 2514 tamque

363 2536 553 2603 bene
600 2537 921 2601 meritos
968 2537 1517 2601 coniecturum.

283 2669 337 2710 20
542 2642 834 2707 Fratrem
894 2644 1099 2729 igitur
1154 2642 1499 2727 fratrisque
1557 2643 1768 2708 filium
1833 2646 1898 2706 et
1958 2645 2248 2729 singulos
2308 2645 2661 2710 amicorum
2700 2663 2732 2712 2

364 2751 755 2834 cohortatus,
784 2753 859 2813 ut
888 2751 1011 2814 sibi
1050 2751 1321 2833 quisque
1350 2770 1466 2834 pro
1495 2749 1806 2815 facultate
1836 2751 2214 2833 consuleret,
2241 2749 2321 2814 ab
2363 2750 2661 2834 amplexu

364 2860 429 2922 et
466 2856 689 2922 osculo
737 2878 855 2921 suo
895 2856 1141 2921 dimisit
1186 2856 1415 2940 omnis,
1452 2861 1825 2940 secretoque
1870 2861 2060 2941 capto
2101 2856 2290 2920 binos
2327 2855 2661 2922 codicillos

364 2962 671 3046 exarauit,
718 2962 799 3027 ad
845 2983 1131 3027 sororem
1171 2963 1638 3028 consolatorios
1685 2968 1749 3027 et
1795 2963 1874 3026 ad
1911 2961 2326 3027 Messalinam
2363 2961 2660 3048 Neronis,

366 3091 556 3154 quam
614 3063 1025 3135 matrimonio
1084 3069 1464 3152 destinarat,
1522 3069 1978 3134 commendans
2037 3068 2344 3154 reliquias
2401 3091 2549 3134 suas
2596 3074 2662 3134 et

280 3203 334 3242 25
363 3176 755 3240 memoriam.
838 3175 1145 3260 quicquid
1181 3175 1409 3240 deinde
1444 3177 1866 3260 epistularum
1911 3181 2062 3259 erat,
2109 3197 2190 3240 ne
2228 3177 2330 3240 cui
2374 3177 2662 3260 periculo

362 3286 477 3346 aut
518 3303 725 3346 noxae
770 3281 943 3367 apud
988 3284 1299 3347 uictorem
1344 3282 1584 3365 forent,
1637 3283 2084 3347 concremauit.
2177 3281 2400 3346 diuisit
2447 3287 2512 3346 et
2555 3305 2662 3367 pe-

365 3389 586 3453 cunias
633 3387 1001 3454 domesticis
1057 3412 1135 3452 ex
1190 3390 1379 3472 copia
1430 3390 1770 3473 praesenti.
1854 3393 2047 3473 atque
2102 3390 2193 3453 ita
2246 3393 2508 3474 paratus
2555 3389 2649 3454 in·
2671 3391 2758 3458 ll

362 3499 709 3579 tentusque
754 3496 883 3560 iam
924 3497 1138 3578 morti,
1185 3497 1471 3561 tumultu
1519 3497 1686 3560 inter
1729 3517 1943 3560 moras
1982 3501 2206 3561 exorto
2254 3499 2328 3560 ut
2372 3518 2502 3580 eOS,
2550 3497 2661 3580 qui

364 3600 684 3666 discedere
739 3605 804 3666 et
860 3601 1035 3667 abire
1092 3601 1503 3686 coeptabant,
1558 3604 1796 3686 corripi
1853 3604 2038 3687 quasi
2093 3602 2448 3668 desertores
2506 3604 2662 3668 deti-

510 3791 577 3839 10
596 3803 716 3854 sqq.
748 3785 984 3854 Eutrop.
1028 3787 1152 3841 VII
1171 3791 1260 3852 17,
1289 3790 1324 3839 3
1350 3786 1675 3855 petentibus
1703 3785 1999 3852 militibus,
2037 3802 2108 3840 ne
2136 3789 2256 3841 tam
2283 3786 2398 3842 cito
2427 3788 2498 3842 de
2525 3787 2663 3842 belli

364 3865 689 3934 desperaret
738 3868 970 3932 euentu,
1023 3881 1151 3920 cum
1200 3866 1349 3919 tanti
1402 3883 1459 3922 se
1510 3882 1623 3920 non
1674 3883 1794 3920 esse
1831 3865 2092 3932 dixisset,
2143 3870 2209 3920 ut
2259 3870 2490 3936 propter
2533 3885 2662 3922 eum

364 3944 575 3999 bellum
610 3945 781 4000 ciuile
816 3947 1151 4000 moueretur.

508 4112 536 4159 1
576 4107 801 4160 tantum
830 4106 927 4162 M¹
1072 4113 1105 4160 4
1144 4106 1317 4160 etiam
1354 4107 1490 4159 tunc
1526 4105 1762 4160 Ursinus
1913 4105 2180 4161 aduersos
2217 4109 2308 4161 uel
2341 4107 2524 4160 iactus
2554 4125 2662 4176 pro

365 4201 527 4240 casus
564 4187 797 4257 Bentley
956 4191 987 4238 5
1026 4185 1079 4257 e]
1118 4202 1153 4240 a
1181 4187 1236 4241 R
1382 4191 1413 4238 6
1450 4184 1545 4256 ne]
1582 4202 1689 4240 nec
1723 4185 1920 4257 H¹QX
2055 4191 2090 4240 8
2127 4185 2356 4257 Laetus]
2393 4185 2537 4241 lenis
2583 4189 2662 4247 Τς

364 4267 558 4337 (uuly.)
775 4270 807 4320 9
845 4265 1154 4336 augusticl-
1196 4264 1384 4320 GY'P
1592 4265 1702 4320 iste
1742 4266 1875 4336 11¹0
2091 4273 2154 4321 11
2205 4267 2384 4338 arma]
2431 4266 2584 4322 bella
2615 4270 2665 4322 Τ

367 4351 435 4400 12
470 4345 787 4400 occisurum
816 4363 943 4401 eum
974 4345 1211 4400 Galbam
1241 4346 1473 4416 Bentley
1616 4363 1744 4400 cum
1773 4346 1956 4401 Galba
1993 4347 2092 4401 del.
2124 4347 2300 4403 Polak
2446 4352 2512 4401 13
2547 4346 2661 4401 bel-

362 4423 481 4480 lore
502 4427 579 4481 M
682 4431 751 4480 22
780 4426 969 4495 capito
998 4428 1068 4494 R,
1098 4428 1325 4495 captato
1345 4430 1404 4479 X
1505 4431 1573 4480 28
1603 4427 2009 4481 consolatorias
2039 4427 2178 4483 L¹P
2280 4429 2338 4481 et
2362 4426 2532 4493 Torr„
2563 4428 2664 4482 sed

366 4507 561 4574 MLT,
590 4507 689 4562 sed
715 4509 773 4561 et
796 4505 903 4562 GP
917 4508 999 4577 (in
1017 4508 1115 4561 hoc
1134 4523 1233 4560 om.
1256 4506 1349 4576 ad)
1378 4506 1528 4561 SOT
1543 4507 1736 4576 (παῖς.)
1845 4512 1912 4560 26
1951 4507 2153 4561 noxiae
2175 4507 2228 4562 G
2337 4512 2404 4560 29
2435 4505 2660 4563 descen-

365 4584 495 4640 dere
518 4585 571 4641 G
678 4586 973 4642 certabant
993 4586 1106 4655 111¹,
1135 4589 1289 4656 cept-
1312 4585 1572 4654 M’GTS,
1604 4588 1762 4654 capt-
1780 4588 1873 4642 rel.
1904 4594 1955 4643 et
1973 4589 2008 4640 ὃ
2037 4589 2120 4658 (in
2145 4589 2246 4643 hoc
2271 4604 2372 4642 om.
2403 4589 2461 4642 et
2487 4588 2662 4656 abire)

2133 4676 2236 4730 19*
