3259 5209
1344 1486 1631 1554 OTHO

517 1685 794 1750 Maiores
833 1683 1108 1749 Othonis
1147 1685 1270 1749 orti
1311 1689 1462 1748 sunt
1499 1684 1738 1768 oppido
1780 1684 2096 1768 Ferentio,
2132 1684 2377 1749 familia
2415 1687 2628 1748 uetere
2666 1682 2696 1747 1

339 1800 403 1858 et
448 1793 761 1857 honorata
817 1796 1009 1875 atque
1065 1814 1143 1855 ex
1189 1791 1590 1876 principibus
1639 1791 1952 1856 Etruriae.
2045 1812 2205 1856 auus
2250 1789 2334 1854 Μ.
2376 1789 2633 1854 Saluius

341 1898 534 1982 Otho,
579 1902 759 1984 patre
797 1899 1012 1982 equite
1049 1897 1144 1981 R„
1190 1903 1393 1963 matre
1430 1899 1664 1963 humili
1702 1899 2015 1964 incertum
2060 1920 2144 1962 an
2180 1898 2475 1982 ingenua,
2520 1919 2636 1981 per

342 2007 614 2092 gratiam
662 2004 886 2069 Liuiae
923 2005 1273 2090 Augustae,
1320 2005 1386 2068 in
1435 2006 1616 2069 cuius
1666 2005 1856 2069 domo
1896 2008 2198 2085 creuerat,
2245 2008 2501 2068 senator
2536 2008 2634 2068 est

247 2111 313 2179 ἰ
341 2113 548 2177 sactus
594 2134 710 2176 nec
758 2117 1092 2196 praeturae
1138 2111 1408 2197 gradum
1455 2113 1744 2177 excessit.

517 2218 706 2283 Pater
754 2218 821 2284 L.
862 2218 1051 2303 Otho,
1096 2224 1386 2284 materno
1425 2209 2022 2304 genere'praeclaro
2061 2218 2536 2301 multarumque
2572 2222 2638 2282 et
2675 2236 2706 2283 2

340 2348 716 2411 magnarum
764 2325 1375 2409 propinquitatium‚
1429 2329 1563 2397 tam
1609 2346 1793 2389 carus
1840 2330 2101 2408 tamque
2145 2345 2277 2388 non
2322 2322 2635 2388 absimilis

341 2433 503 2498 facie
541 2432 798 2498 Tiberio
846 2432 1119 2515 principi
1168 2431 1314 2514 fuit,
1360 2436 1434 2497 ut
1477 2431 1768 2516 plerique
1806 2435 2209 2516 procreatum
2258 2452 2337 2494 ex
2384 2452 2459 2495 eo
2507 2452 2635 2495 cre-

342 2539 578 2603 derent.
678 2538 959 2603 urbanos
1023 2537 1326 2621 honores,
1386 2538 1909 2621 proconsulatum
1975 2537 2233 2602 Africae
2302 2541 2367 2600 et
2431 2541 2637 2601 extra-

263 2673 314 2714 ιο
343 2646 666 2710 ordinaria
711 2646 981 2729 imperia
1028 2645 1431 2709 seuerissime
1478 2645 1971 2711 administrauit.
2056 2666 2247 2709 ausus
2300 2645 2495 2708 etiam
2540 2650 2638 2709 est

343 2754 414 2817 in
449 2750 713 2836 Illyrico
751 2751 992 2816 milites
1032 2751 1360 2835 quosdam,
1408 2751 1581 2834 quod
1619 2756 1804 2816 motu
1842 2750 2096 2815 Camilli
2134 2773 2212 2816 ex
2247 2751 2640 2835 paenitentia

341 2859 744 2944 praepositos
783 2880 934 2922 suos
977 2859 1160 2941 quasi
1199 2859 1575 2923 defectionis
1623 2857 1929 2923 aduersus
1968 2856 2303 2922 Claudium
2349 2861 2639 2921 auctores

343 2965 735 3050 occiderant,
789 2968 996 3050 capite
1043 2966 1271 3049 punire
1319 2970 1384 3029 et
1432 2966 1690 3049 quidem
1738 2970 1885 3031 ante
1930 2966 2250 3050 principia
2295 2988 2363 3029 se
2409 2985 2640 3045 coram,

344 3073 639 3156 quamuis
679 3073 761 3136 ob
810 3073 874 3136 id
920 3072 1132 3156 ipsum
1170 3076 1502 3156 promotos
1542 3073 1608 3136 in
1649 3073 2022 3156 ampliorem
2065 3072 2334 3158 gradum
2383 3095 2421 3136 a
2458 3069 2639 3135 Clau-

265 3206 316 3246 ιε
348 3179 452 3243 dio
501 3181 707 3244 sciret.
795 3200 923 3263 quo
961 3179 1133 3242 facto
1173 3179 1340 3243 sicut
1377 3181 1652 3263 gloriam
1690 3181 1887 3261 auxit,
1933 3180 2023 3243 ita
2063 3178 2341 3265 gratiam
2380 3179 2640 3258 minuit3

347 3308 536 3369 quam
600 3289 814 3351 tamen
886 3291 1132 3350 mature
1201 3287 1583 3368 reciperauit
1652 3286 1899 3350 detecta
1972 3286 2206 3370 equitis
2267 3285 2340 3348 R.
2401 3285 2641 3366 fraude,

347 3413 537 3475 quem
599 3393 1022 3476 prodentibus
1085 3394 1288 3456 seruis
1344 3413 1563 3458 necem
1622 3391 1893 3457 Claudio
1954 3413 2176 3476 parare
2229 3395 2639 3475 compererat.

347 3520 621 3582 namque
667 3503 732 3564 et
770 3505 1028 3564 senatus
1065 3498 1308 3562 honore
1352 3500 1698 3580 rarissimO,
1746 3504 1957 3564 statua
2005 3501 2071 3563 in
2116 3498 2366 3563 Palatio
2412 3499 2644 3583 posita,

344 3611 720 3688 prosecutus
768 3610 866 3670 est
912 3627 1057 3669 eum
1107 3610 1170 3669 et
1215 3605 1518 3670 Claudius
1565 3605 1883 3671 adlectum
1932 3607 2101 3671 inter
2145 3606 2450 3689 patricios
2497 3626 2643 3669 con-

268 3712 614 3779 solaudans
680 3712 1092 3794 amplissimis
1163 3713 1374 3777 uerbis
1439 3713 1565 3776 hoc
1631 3735 1886 3796 quoque
1959 3713 2217 3779 adiecit:
2284 3715 2430 3798 uir,
2495 3735 2639 3796 quo

348 3818 705 3884 meliores
769 3818 1062 3883 liberos
1126 3819 1406 3883 habere
1479 3841 1568 3883 ne
1635 3823 1815 3902 opto
1883 3819 2200 3903 quidem.
2304 3843 2380 3885 ex
2452 3818 2644 3883 Albia

349 3925 645 3990 Terentia
705 3925 1035 4009 splendida
1095 3925 1334 3989 femina
1393 3925 1553 3990 duos
1618 3925 1786 3990 filios
1852 3928 2028 4010 tulit,
2091 3927 2155 3990 L.
2195 3927 2517 3991 Titianum
2580 3930 2644 3990 et

349 4035 639 4042 ψ-

495 4088 521 4135 1
566 4083 719 4150 Epic.
756 4088 804 4149 7,
836 4091 865 4138 1
908 4083 1131 4136 Saluius
1181 4082 1326 4136 Otho
1379 4082 1690 4151 splendidis
1743 4087 1896 4136 ortus
1953 4083 2260 4138 maioribus
2313 4100 2378 4137 ex
2434 4083 2642 4152 oppido

349 4162 678 4216 Ferentano.
847 4169 878 4216 6
918 4164 1152 4231 Eutrop.
1195 4164 1314 4215 VII
1338 4168 1427 4227 17,
1459 4169 1488 4216 1
1527 4169 1781 4216 materno
1819 4180 2023 4233 genere
2061 4164 2302 4218 nobilior
2337 4181 2507 4231 quam
2546 4179 2643 4232 pa-

352 4248 527 4308 terno,
567 4246 765 4296 neutro
804 4246 994 4297 tamen
1031 4242 1282 4296 obscuro.

477 4340 520 4420 —1
566 4367 843 4421 ferentino
875 4372 931 4421 X
955 4369 1164 4437 (utem),
1207 4367 1440 4419 Ferento
1483 4367 1718 4422 Urs-inus
1893 4374 1923 4420 2
1963 4370 2053 4439 ex]
2092 4384 2121 4420 e
2154 4369 2203 4422 G
2349 4367 2546 4420 siluius
2575 4372 2643 4434 Ω,

351 4465 486 4502 corr.
508 4449 819 4518 Stephanus
928 4455 958 4500 6
982 4447 1332 4516 praeclarum
1367 4449 1438 4501 Μ
1545 4453 1572 4499 7
1603 4449 2090 4516 propinquitatum
2114 4450 2333 4519 GHQX
2439 4454 2502 4501 12
2533 4448 2645 4502 cla-

353 4528 509 4581 dium
539 4513 603 4582 Α
646 4528 932 4662 ollandium
965 4528 1035 4580 M
1157 4535 1220 4580 16
1258 4530 1478 4580 mature
1508 4545 1607 4579 om.
1644 4528 1692 4581 G
1786 4577 1791 4580 .
1834 4535 1896 4581 17
1937 4546 2106 4597 quam
2140 4530 2190 4583 G
2321 4534 2384 4582 19
2425 4545 2552 4583 eum
2590 4534 2644 4582 et

361 4611 422 4674 T,
465 4624 593 4661 eum
632 4627 722 4662 re.
