3259 5209
1060 411 1279 466 DIVVS
1316 412 1554 466 IVLIVS
1594 422 1725 472 [cn.
1755 422 1932 471 53-56]
2561 409 2648 473 29

346 572 719 637 adulescens
786 573 993 638 adhuc
1060 572 1395 640 Strabonis
1466 573 1753 639 Caesaris
1814 579 2068 639 secutus
2128 574 2410 655 uidetur,
2465 574 2646 637 cuius

347 680 543 741 etiam
589 701 666 742 ex
715 680 1033 762 oratione,
1090 702 1253 764 quae
1299 681 1674 746 inscribitur
1720 703 1854 765 pro
1906 679 2194 763 Sardis,
2251 680 2330 743 ad
2377 678 2646 744 uerbum

346 786 657 849 nonnulla
694 788 1030 871 transtulit
1065 788 1131 852 in
1170 787 1633 853 diuinationem
1672 809 1870 853 suam.
1943 787 2394 871 pronuntiasse
2433 792 2646 851 autem

348 891 587 956 dicitur
621 914 779 957 uoce
817 898 1023 977 acuta,
1069 894 1317 959 ardenti
1354 900 1533 959 motu
1572 899 1903 980 gestuque,
1949 916 2080 959 non
2119 894 2256 959 sine
2291 898 2645 958 uenustate.

296 1022 321 1062 ει
351 1001 673 1063 orationes
720 1000 969 1083 aliquas
1014 1001 1310 1085 reliquit,
1370 1001 1538 1065 inter
1584 1023 1744 1086 quas
1791 1006 2028 1065 temere
2075 1001 2384 1087 quaedam
2433 1001 2647 1065 ferun-
2685 1022 2716 1069 3

346 1109 469 1169 tur.
545 1126 680 1189 pro
721 1104 1005 1181 Quinto
1045 1106 1367 1172 Metello
1412 1130 1545 1173 non
1584 1109 1904 1173 immerito
1944 1107 2280 1192 Augustus
2319 1108 2646 1171 existimat

348 1213 555 1298 magis
611 1213 691 1277 ab
749 1214 1026 1277 actuaris
1092 1219 1425 1299 exceptam
1487 1215 1653 1279 male
1709 1214 2245 1297 subsequentibus
2299 1212 2500 1278 uerba
2553 1213 2647 1276 di-

350 1320 578 1401 centis,
634 1340 827 1402 quam
884 1319 964 1384 ab
1012 1322 1155 1404 ipso
1202 1320 1466 1405 editam3
1519 1344 1670 1387 nam
1727 1324 1795 1385 in
1842 1321 2222 1404 quibusdam
2273 1319 2646 1403 exemplari-

349 1424 469 1488 bus
516 1426 776 1491 inuenio
821 1447 903 1490 ne
950 1428 1325 1512 inscriptam
1374 1429 1627 1511 quidem
1690 1450 1823 1512 pro
1871 1427 2214 1511 Metelle,
2269 1428 2380 1493 sed
2426 1448 2645 1510 quam

265 1556 319 1595 ιο
350 1532 669 1615 scripsit
722 1530 1067 1616 Metelle,
1122 1556 1268 1599 cum
1324 1558 1401 1599 ex
1457 1557 1732 1619 persona
1786 1533 2074 1599 Caesaris
2130 1556 2336 1599 sermo
2385 1534 2472 1597 sit
2516 1532 2646 1597 Me-

350 1638 582 1701 tellum
625 1660 821 1723 seque
866 1639 1171 1705 aduersus
1219 1642 1654 1707 communium
1705 1641 2207 1705 obtrectatorum
2256 1640 2646 1705 criminatio-

350 1766 461 1807 nes
519 1746 875 1829 purgantis.
968 1747 1166 1830 apud
1224 1748 1513 1814 milites
1588 1770 1846 1831 quoque
1906 1750 1980 1812 in
2037 1747 2412 1830 Hispania
2475 1747 2644 1811 idem
2681 1768 2716 1815 4

348 1852 685 1937 Augustus
741 1854 851 1917 uix
906 1854 1111 1938 ipsius
1166 1859 1380 1939 putat,
1446 1878 1607 1938 quae
1664 1858 1879 1918 tamen
1935 1855 2171 1938 duplex
2225 1854 2454 1931 fertur:
2517 1876 2647 1917 una

350 1958 533 2040 quasi
597 1959 811 2042 priore
874 1960 1095 2024 habita
1161 1961 1430 2046 proelio,
1492 1962 1691 2025 altera
1749 1962 2131 2045 posteriore,
2192 1981 2320 2043 quo
2381 1959 2644 2024 Asinius

271 2087 321 2126 ιε
352 2063 560 2128 Pollio
623 2087 705 2128 ne
768 2070 1024 2150 tempus
1091 2068 1350 2151 quidem
1424 2068 1841 2134 contionandi
1909 2066 2212 2131 habuisse
2277 2090 2422 2131 eum
2488 2065 2646 2131 dicit

349 2170 563 2236 subita
626 2171 911 2236 hostium
976 2173 1357 2238 incursione.
1440 2173 1707 2257 reliquit
1760 2177 1823 2237 et
1885 2195 2097 2238 rerum
2159 2194 2414 2237 suarum
2475 2177 2752 2242 com-56

348 2278 699 2342 mentatios
736 2276 966 2345 Gallici
1004 2280 1343 2364 ciuilisque
1382 2280 1534 2345 belli
1572 2280 1967 2364 Pompeiani.
2042 2300 2189 2343 nam
2227 2279 2645 2344 Alexandrini

348 2382 685 2467 Africique
739 2391 805 2450 et
858 2385 1302 2469 Hispaniensis
1364 2387 1645 2451 incertus
1715 2392 1939 2451 auctor
1999 2390 2121 2450 est:
2191 2385 2302 2449 alii
2361 2384 2644 2469 Oppium

348 2495 598 2574 putant,
645 2492 756 2556 alii
804 2491 1119 2577 Hirtium,
1180 2494 1291 2576 qui
1336 2494 1529 2558 etiam
1578 2492 1810 2558 Gallici
1857 2493 2011 2557 belli
2057 2492 2482 2557 nouissimum
2531 2494 2645 2556 im·

266 2618 321 2659 ιο
347 2596 833 2683 perfectumque
896 2599 1133 2663 librum
1192 2600 1605 2683 suppleuerit.
1698 2600 1774 2664 de
1830 2600 2302 2664 commentariis
2359 2597 2646 2663 Caesaris

351 2703 574 2769 Cicero
638 2706 708 2769 in
776 2705 998 2769 eodem
1060 2706 1265 2771 Bruto
1321 2708 1539 2789 (262)
1596 2707 1688 2770 sic
1754 2708 1986 2770 refert:
2055 2704 2645 2771 commentarios
2683 2726 2716 2773 2

350 2812 673 2895 scripsit
718 2811 941 2877 ualde
987 2813 1288 2895 quidem
1336 2813 1798 2897 probandos:
1853 2813 2036 2876 nudi
2085 2818 2287 2895 sunt,
2332 2812 2525 2875 recti
2573 2815 2646 2875 et

346 2918 687 3001 uenusti,
756 2920 960 2983 omni
1018 2924 1294 2984 ornatu
1363 2920 1751 2984 orationis
1813 2924 2192 3003 tamquam
2253 2922 2463 2982 ueste
2525 2917 2645 2981 de—

348 3028 626 3109 tracta3
674 3025 801 3089 sed
848 3025 1020 3091 dum
1068 3026 1327 3091 uoluit
1373 3026 1568 3091 alios
1614 3026 1899 3091 habere
1943 3030 2237 3110 parata,
2281 3023 2480 3089 unde
2527 3045 2644 3088 su-

266 3150 321 3190 as
350 3136 644 3195 merent
698 3132 829 3215 qui
882 3134 1180 3197 uellent
1236 3133 1573 3198 scribere
1636 3133 2075 3215 historiam,
2137 3132 2424 3215 ineptis
2482 3153 2646 3218 gra-

349 3243 507 3302 tum
536 3238 871 3303 fortasse
906 3239 1125 3322 fecit,
1156 3241 1283 3323 qui
1324 3240 1461 3305 illa
1498 3241 1767 3304 uolent
1805 3238 2275 3304 calamistris
2314 3240 2647 3322 inurere,

350 3364 573 3408 sanos
613 3344 911 3427 quidem
951 3345 1297 3411 homines
1337 3370 1375 3411 a
1412 3346 1816 3411 scribendo
1856 3346 2251 3411 deterruit.
2327 3345 2405 3408 de
2442 3344 2645 3409 isdem
2685 3364 2718 3411 3

351 3451 824 3515 commentariis
854 3451 1107 3516 Hirtius
1143 3454 1315 3535 (bell.
1350 3452 1517 3517 Gall.
1550 3453 1730 3517 VIII
1753 3454 1898 3537 pr.)
1936 3453 2028 3517 ita
2062 3452 2413 3536 praedicat:
2462 3451 2644 3515 adeo

349 3558 785 3641 probantur
840 3560 1171 3623 omnium
1233 3560 1551 3643 iudicio,
1606 3563 1691 3623 ut
1745 3563 2183 3643 praerepta,
2237 3580 2386 3623 non
2431 3580 2644 3642 prae-

265 3683 324 3723 ιο
350 3662 515 3728 bita
559 3664 893 3731 facultas
942 3666 1463 3751 scriptoribus
1503 3666 1877 3730 uideatur.
1950 3666 2210 3744 <cuius
2247 3670 2494 3730 tamen
2533 3664 2645 3728 rei

498 3900 524 3946 1
574 3892 947 3947 adolescentis
1002 3897 1052 3946 'P
1091 3896 1224 3963 (non
1270 3896 1323 3963 ρ)
1470 3900 1501 3946 6
1550 3910 1694 3962 quae
1739 3894 1850 3962 (uel
1895 3896 2024 3964 que)
2063 3901 2190 3963 post
2233 3893 2463 3947 metello
2515 3894 2645 3947 add.

358 3971 508 4025 ‘FP’
633 3972 996 4028 existimabat
1022 3974 1123 4040 ΠΙ,
1159 3979 1210 4028 et
1244 3976 1324 4028 sic
1358 3975 1497 4028 coni.
1532 3974 1899 4029 (1.6’.Μίὁῑῑεν
2035 3979 2062 4026 7
2105 3973 2314 4027 acturis
2348 3974 2417 4039 G,
2455 3975 2647 4027 actua-

350 4052 449 4106 riis
495 4054 674 4119 (auct-
721 4056 865 4123 HR)
913 4058 969 4107 X
980 4058 1029 4107 Τ
1168 4058 1402 4123 excepta
1456 4053 1605 4108 T‘02
1750 4060 1782 4107 8
1831 4054 1986 4108 edita
2039 4053 2161 4108 ΤὈ
2309 4061 2374 4107 10
2422 4054 2648 4122 scripsit

352 4148 453 4186 om.
486 4134 537 4187 L
574 4134 766 4202 (quam
796 4132 1023 4203 scripsit
1056 4141 1305 4203 suspecta
1351 4136 1654 4201 Torrentio)
1685 4128 1704 4149 ’
1801 4134 2062 4188 Metellus
2087 4135 2282 4188 Medd.
2433 4140 2495 4186 13
2525 4134 2645 4203 uix]

351 4212 665 4267 orationem
712 4229 832 4268 esse
880 4217 963 4283 (ὑπ
1006 4232 1210 4269 rasura
1262 4215 1332 4281 O,
1379 4230 1428 4268 ο.
1478 4230 1598 4267 esse
1646 4214 1744 4266 uix
1786 4214 1858 4282 Τ)
1905 4212 2054 4267 ΤῬ*
2069 4213 2141 4267 0²
2289 4218 2353 4265 18
2403 4210 2647 4279 Oppium

349 4295 557 4361 putant
575 4292 676 4345 alii
694 4311 797 4348 om.
818 4294 871 4349 V
994 4300 1057 4347 19
1078 4294 1446 4348 nouissimum
1465 4293 1673 4347 librum
1693 4293 2084 4361 imperfectum
2107 4293 2281 4347 Polak
2419 4298 2484 4343 20
2515 4309 2646 4359 sup-

350 4371 533 4441 pleuit
572 4374 937 4429 &amanev-
1080 4374 1333 4428 Caesaris
1372 4391 1473 4427 om.
1519 4377 1567 4427 'I'
1709 4379 1776 4426 23
1815 4373 1977 4441 quasi
2020 4374 2071 4427 G·
2216 4378 2283 4425 30
2323 4374 2551 4438 lacuna,
2597 4374 2650 4425 si

352 4454 508 4507 modo
542 4454 682 4521 fuit,
723 4456 937 4524 expleta
974 4472 1041 4509 ex
1074 4455 1271 4508 Hirtio
1307 4456 1369 4507 in
1408 4470 1467 4520 ς,
1518 4456 1579 4506 in
1626 4453 1672 4507 O
1713 4454 1956 4523 maryim‘
2002 4454 2298 4521 adscripsit
2343 4471 2410 4508 m.
2449 4468 2644 4519 recens,

351 4531 497 4601 <alii
534 4534 685 4588 enim
722 4550 893 4604 quam
930 4533 1262 4607 eleganter>
1302 4555 1333 4601 ρ
