3259 5209
654 437 781 502 130
1344 437 1400 492 C.
1442 437 1759 492 SVETONI
1797 436 2242 502 TRANQVILLI

538 598 629 665 18
824 600 1131 664 Proximo
1198 623 1365 665 anno
1438 601 1716 686 repetita
1781 599 2125 666 Germania
2194 622 2338 664 cum
2409 600 2956 665 animaduerteret

647 705 996 771 Varianam
1053 707 1298 771 cladem
1354 709 1718 772 temeritate
1785 710 1850 772 et
1904 707 2316 795 neglegentia
2382 707 2561 772 ducis
2626 707 2952 792 accidisse,

649 813 815 878 nihil
862 835 993 877 non
1042 813 1118 878 de
1166 813 1420 878 consilii
1466 815 1790 878 sententia
1834 814 1996 900 egit3
2041 836 2295 898 semper
2339 813 2500 878 alias
2545 815 2646 878 sui
2691 815 2951 878 arbitrii

644 925 1115 1004 contentusque
1170 941 1237 984 se
1292 943 1449 1006 un0,
1504 925 1660 986 tunc
1705 927 1960 1006 praeter
2013 921 2541 985 consuetudinem
2587 943 2734 984 cum
2782 943 2952 986 com-

644 1026 942 1112 pluribus
989 1026 1066 1091 de
1112 1028 1361 1092 ratione
1400 1027 1555 1092 belli
1594 1027 2113 1092 communicauit.
2200 1049 2420 1092 curam
2459 1050 2714 1111 quoque
2753 1028 2952 1094 solito
3015 1059 3045 1099 ε,

644 1133 1033 1198 exactiorem
1090 1134 1432 1218 praestitit.
1524 1135 1909 1199 traiecturus
1966 1133 2264 1200 Rhenum
2330 1137 2760 1198 commeatum
2820 1156 2953 1199 om-

643 1261 791 1304 nem
856 1241 938 1303 ad
1002 1246 1241 1304 certam
1306 1241 1652 1305 formulam
1719 1241 2099 1305 adstrictum
2163 1262 2296 1304 non
2361 1245 2509 1305 ante
2571 1241 2953 1319 transmisit,

646 1369 839 1430 quam
888 1347 1245 1412 consistens
1300 1349 1470 1432 apud
1524 1349 1734 1432 ripam
1792 1346 2188 1432 explorasset
2243 1346 2691 1411 uehiculorum
2737 1369 2954 1432 onera,

574 1471 607 1518 2
645 1475 725 1517 ne
764 1476 892 1536 qua
928 1454 1422 1538 deportarentur
1456 1455 1582 1519 nisi
1624 1475 1924 1518 concessa
1961 1459 2072 1518 aut
2109 1454 2482 1518 necessaria.
2564 1459 2744 1518 trans
2784 1453 2952 1517 Rhe—

645 1581 801 1624 num
850 1583 1005 1625 uero
1054 1583 1199 1625 eum
1256 1561 1427 1625 uitae
1486 1562 1776 1626 ordinem
1833 1561 2076 1645 tenuit,
2131 1565 2206 1624 ut
2261 1559 2488 1626 sedens
2545 1560 2612 1624 in
2669 1561 2951 1644 caespite
2984 1593 3044 1632 10

644 1667 819 1731 nudo
876 1667 1092 1731 cibum
1150 1672 1431 1751 caperet,
1496 1689 1685 1750 saepe
1747 1667 1885 1731 sine
1945 1666 2226 1731 tentorio
2275 1671 2739 1751 pernoctaret,
2769 1689 2948 1750 prae-

644 1778 829 1858 cepta
867 1774 1193 1857 sequentis
1232 1772 1359 1838 diei
1396 1773 1631 1858 omnia,
1670 1778 1734 1837 et
1771 1773 1827 1837 si
1866 1774 2022 1856 quid
2055 1774 2256 1838 subiti
2293 1773 2580 1837 muneris
2610 1773 2948 1859 iniungen-

646 1879 799 1944 dum
856 1885 1050 1965 esset,
1106 1903 1222 1964 per
1279 1880 1537 1944 libellos
1594 1880 1802 1965 daret3
1859 1880 2076 1943 addita
2131 1880 2488 1944 monitione
2535 1881 2636 1957 ut,
2694 1879 2772 1944 de
2818 1901 2949 1963 quo

648 1987 921 2070 quisque
971 1987 1322 2072 dubitaret,
1384 2009 1451 2051 se
1496 2009 1613 2050 nec
1662 1986 1788 2051 alio
1837 1986 2188 2071 interprete
2236 2008 2638 2070 quacumque
2685 1986 2790 2050 uel
2837 2007 2949 2049 no-

538 2092 628 2160 19
644 2094 766 2157 ctis
820 2093 982 2158 hora
1036 2097 1341 2158 uteretur.
1434 2093 1840 2176 disciplinam
1907 2094 2214 2158 acerrime
2278 2092 2495 2177 exegit
2549 2092 2946 2157 animaduer-
2981 2125 3038 2166 1⁵

640 2201 897 2264 sionum
965 2205 1028 2264 et
1095 2199 1599 2286 ignominiarum
1666 2200 2011 2284 generibus
2075 2223 2152 2264 ex
2215 2199 2601 2284 antiquitate
2657 2199 2950 2282 repetitis

642 2311 837 2389 atque
884 2307 1078 2370 etiam
1126 2306 1341 2392 legato
1389 2306 1688 2392 legioniS,
1735 2306 1907 2390 quod
1955 2327 2194 2390 paucos
2241 2306 2480 2370 milites
2527 2327 2675 2368 cum
2711 2303 2948 2370 liberto

644 2434 762 2476 suo
819 2417 996 2476 trans
1055 2413 1261 2496 ripam
1317 2417 1622 2476 uenatum
1681 2413 1985 2497 misisset,
2033 2412 2392 2499 ignominia
2437 2415 2680 2476 notat0.
2761 2433 2948 2495 proe-

640 2519 756 2603 lia,
813 2519 1108 2604 quamuis
1164 2519 1505 2583 minimum
1562 2519 1860 2582 fortunae
1919 2517 2304 2602 casibusque
2349 2518 2779 2602 permitteret,
2835 2518 2948 2582 ali-

647 2630 889 2710 quanto
947 2625 1348 2690 constantius
1404 2623 1637 2706 inibat,
1695 2623 1994 2706 quotiens
2049 2615 2429 2690 lucubrante
2485 2645 2552 2688 se
2609 2624 2825 2690 subito
2873 2647 2949 2690 ac
2977 2659 3040 2698 20

645 2732 826 2797 nullo
873 2732 1272 2817 propellente
1320 2732 1641 2795 decideret
1686 2731 1902 2794 lumen
1951 2736 2017 2794 et
2053 2731 2556 2816 extingueretur,
2602 2731 2947 2808 confidem,

645 2845 720 2904 ut
765 2839 1003 2924 aiebat,
1058 2844 1310 2903 ostento
1360 2837 1483 2902 sibi
1541 2859 1579 2901 a
1624 2837 1980 2901 maioribus
2035 2838 2167 2901 suis
2215 2837 2282 2900 in
2339 2837 2516 2901 0111111
2563 2837 2797 2902 ducatu
2843 2859 2948 2901 ex-

644 2948 1032 3031 pertissimo.
1118 2945 1229 3010 sed
1276 2967 1344 3008 re
1389 2965 1698 3028 prospere
1746 2948 1929 3027 gesta
1983 2966 2114 3007 non
2169 2943 2448 3008 multum
2495 2944 2660 3008 afuit
2706 2945 2863 3028 quin
2909 2965 2948 3007 a

644 3053 958 3119 Bructero
1007 3053 1286 3136 quodam
1334 3051 1759 3134 occideretur,
1808 3049 1913 3116 cui
1961 3049 2129 3113 inter
2175 3050 2506 3134 proximos
2554 3051 2838 3120 uersanti
2885 3057 2950 3116 et

644 3159 1073 3244 trepidatione
1131 3159 1381 3222 detecto
1429 3159 1770 3221 tormentis
1819 3179 2121 3241 expressa
2166 3157 2487 3223 confessio
2535 3163 2635 3222 est
2681 3157 2946 3243 cogitati
2976 3193 3036 3232 25

536 3266 964 3338 20facinoriS.
1067 3289 1104 3328 a
1170 3263 1511 3328 Germania
1574 3265 1642 3326 in
1707 3263 1934 3327 urbem
1997 3268 2147 3347 post
2220 3262 2551 3328 biennium
2617 3286 2948 3350 regressus

646 3373 1067 3456 triumphum,
1104 3393 1295 3455 quem
1333 3371 1689 3453 distulerat,
1733 3371 1866 3456 egit
1905 3370 2446 3454 prosequentibus
2477 3371 2670 3435 etiam
2699 3371 2949 3456 legatis,

648 3480 882 3562 quibus
930 3478 1345 3561 triumphalia
1392 3482 1765 3541 ornamenta
1820 3479 2208 3560 impetrarat.
2293 3499 2368 3542 ac
2414 3479 2612 3561 prius.
2641 3499 2834 3562 quam
2881 3479 2948 3540 in

648 3583 1041 3668 Capitolium
1088 3586 1387 3666 flecteret,
1435 3585 1762 3648 descendit
1807 3607 1840 3647 e
1881 3605 2071 3647 curru
2120 3606 2311 3667 seque
2350 3584 2740 3668 praesidenti
2778 3585 2948 3668 patri

646 3693 727 3756 ad
784 3714 993 3778 genua
1048 3693 1383 3756 summisit.
1473 3691 1786 3754 Batonem
1833 3689 2238 3770 Pannonium
2294 3691 2519 3754 ducem
2574 3691 2948 3777 ingentibus
2975 3726 3038 3765 ,ο

649 3800 958 3864 donatum
995 3800 1296 3883 praemiis
1326 3797 1699 3860 Rauennam
1740 3784 2086 3878 transtulit,
2114 3788 2400 3881 'gratiam
2437 3795 2737 3877 referens,
2775 3796 2948 3879 quod

648 3929 715 3970 se
764 3906 1087 3989 quondam
1135 3927 1281 3969 cum
1320 3905 1601 3968 exercitu
1642 3903 1981 3985 iniquitate
2019 3902 2146 3965 loci
2185 3903 2680 3967 circumclusum
2720 3925 2948 3987 passus

791 4107 822 4152 4
862 4103 997 4152 tunc
1035 4115 1133 4152 om.
1170 4097 1220 4151 G
1384 4102 1414 4148 9
1456 4095 1869 4164 deponerentur
1908 4095 2013 4164 HQ
2051 4098 2212 4163 (pars
2249 4095 2390 4162 edd.)
2551 4102 2613 4149 11
2656 4099 2948 4164 pernocta-

646 4184 733 4234 ret
768 4181 881 4237 YT.
919 4179 1019 4231 -rit
1054 4180 1149 4231 rel.
1298 4182 1360 4230 12
1402 4177 1590 4229 omnia
1620 4175 1830 4246 (ipse)
1855 4176 2204 4229 Halbertsma
2343 4181 2408 4227 14
2446 4174 2701 4242 quisquis
2733 4193 2784 4240 ς,
2822 4175 2952 4242 quis

646 4262 735 4314 uel
772 4260 1069 4328 quisquam
1109 4257 1285 4312 Polak
1398 4263 1459 4310 19
1501 4256 1724 4310 casibus
1763 4260 1817 4308 X
1940 4262 2002 4308 21
2047 4259 2104 4308 et
2140 4273 2238 4308 om.
2275 4257 2348 4310 M
2471 4261 2538 4307 22
2578 4255 2635 4326 a]
2675 4271 2742 4308 ac
2781 4259 2815 4310 δ
2844 4255 2946 4322 (ed.

660 4343 788 4395 Ven.
816 4359 921 4408 pr„
961 4340 1257 4402 ErasmuS,
1294 4339 1468 4407 uuly.)
1504 4338 1631 4402 fort.
1661 4344 1796 4390 recte
1941 4336 2404 4404 expertissummo
2443 4338 2676 4404 (-ssumo
2706 4337 2777 4404 G)
2806 4335 2950 4400 MG,

648 4423 1060 4490 expertisomno
1090 4419 1200 4472 LT
1234 4434 1279 4486 (s
1318 4436 1487 4484 supra
1517 4417 1536 4468 i
1567 4417 1695 4470 add.
1730 4416 1826 4482 L',
1866 4418 1922 4468 in
1955 4417 2010 4469 P
2034 4415 2228 4468 -ssimo
2259 4417 2321 4468 in-
2347 4418 2478 4484 ναε.)
2589 4420 2656 4467 23
2697 4417 2754 4486 a]
2785 4431 2850 4468 ac
2879 4416 2956 4468 M

648 4509 714 4555 26
754 4500 1039 4554 biennium
1084 4497 1221 4564 X‘d,
1281 4498 1509 4552 biennio
1552 4499 1623 4550 Μ
1635 4497 1684 4549 G
1704 4499 1774 4560 Τ,
1829 4515 1906 4548 an
1953 4497 2047 4565 14³9.
2089 4495 2316 4549 biennio
2363 4495 2532 4564 post?
2588 4496 2662 4561 cf.
2699 4497 2845 4565 Any.
2877 4499 2952 4548 35

646 4587 714 4635 29
753 4581 1063 4635 inflecteret
1104 4581 1164 4644 V,
1203 4577 1524 4631 deflecteret
1562 4578 1603 4631 S
