<?xml version="1.0" encoding="UTF-8"?>
<!DOCTYPE html PUBLIC "-//W3C//DTD XHTML 1.0 Transitional//EN"
    "http://www.w3.org/TR/xhtml1/DTD/xhtml1-transitional.dtd">
<html xmlns="http://www.w3.org/1999/xhtml" xml:lang="en" lang="en">
 <head>
  <title>
</title>
<meta http-equiv="Content-Type" content="text/html;charset=utf-8" />
  <meta name='ocr-system' content='tesseract 3.04.00' />
  <meta name='ocr-capabilities' content='ocr_page ocr_carea ocr_par ocr_line ocrx_word'/>
</head>
<body>
  <div class='ocr_page' id='page_1' title='image "./csuetoniitranqu00ihmgoog_0156.png"; bbox 0 0 3259 5209; ppageno 0'>
   <div class='ocr_carea' id='block_1_1' title="bbox 639 445 2238 513">
    <p class='ocr_par' dir='ltr' id='par_1_1' title="bbox 639 445 2238 513">
     <span class='ocr_line' id='line_1_1' title="bbox 639 445 2238 513; baseline 0.003 -15"><span class='ocrx_word' id='word_1_1' title='bbox 639 445 727 509; x_wconf 84' lang='lat'><strong>84</strong></span> <span class='ocrx_word' id='word_1_2' title='bbox 1343 445 1403 502; x_wconf 83' lang='lat' dir='ltr'><strong>G.</strong></span> <span class='ocrx_word' id='word_1_3' title='bbox 1440 445 1757 501; x_wconf 76' lang='lat' dir='ltr'>SVETONJ</span> <span class='ocrx_word' id='word_1_4' title='bbox 1793 445 2238 513; x_wconf 80' lang='lat' dir='ltr'><strong>TRANQVILLI</strong></span> 
     </span>
    </p>
   </div>
   <div class='ocr_carea' id='block_1_2' title="bbox 556 608 2943 803">
    <p class='ocr_par' dir='ltr' id='par_1_2' title="bbox 556 608 2943 803">
     <span class='ocr_line' id='line_1_2' title="bbox 556 608 2943 696; baseline 0.001 -24"><span class='ocrx_word' id='word_1_5' title='bbox 556 660 561 666; x_wconf 91' lang='lat'>.</span> <span class='ocrx_word' id='word_1_6' title='bbox 638 608 1137 693; x_wconf 78' lang='lat' dir='ltr'><strong>appellationem</strong></span> <span class='ocrx_word' id='word_1_7' title='bbox 1175 614 1249 674; x_wconf 90' lang='lat' dir='ltr'><strong>ut</strong></span> <span class='ocrx_word' id='word_1_8' title='bbox 1285 608 1700 675; x_wconf 87' lang='lat' dir='ltr'><strong>maledictum</strong></span> <span class='ocrx_word' id='word_1_9' title='bbox 1731 615 1795 675; x_wconf 91' lang='lat' dir='ltr'><strong>et</strong></span> <span class='ocrx_word' id='word_1_10' title='bbox 1832 612 2253 695; x_wconf 84' lang='lat' dir='ltr'><strong>obprobrium</strong></span> <span class='ocrx_word' id='word_1_11' title='bbox 2298 634 2551 696; x_wconf 81' lang='lat' dir='ltr'><strong>semper</strong></span> <span class='ocrx_word' id='word_1_12' title='bbox 2587 610 2943 675; x_wconf 79' lang='lat' dir='ltr'><strong>exhorruit.</strong></span> 
     </span>
     <span class='ocr_line' id='line_1_3' title="bbox 639 716 2660 803; baseline 0.001 -23"><span class='ocrx_word' id='word_1_13' title='bbox 639 737 783 780; x_wconf 88' lang='lat' dir='ltr'><strong>cum</strong></span> <span class='ocrx_word' id='word_1_14' title='bbox 835 720 1163 799; x_wconf 73' lang='lat' dir='ltr'><strong>spectante</strong></span> <span class='ocrx_word' id='word_1_15' title='bbox 1208 738 1285 781; x_wconf 91' lang='lat' dir='ltr'><strong>eo</strong></span> <span class='ocrx_word' id='word_1_16' title='bbox 1332 716 1520 782; x_wconf 90' lang='lat' dir='ltr'><strong>ludos</strong></span> <span class='ocrx_word' id='word_1_17' title='bbox 1566 718 2058 803; x_wconf 84' lang='lat' dir='ltr'><strong>pronuntiatum</strong></span> <span class='ocrx_word' id='word_1_18' title='bbox 2107 722 2274 783; x_wconf 89' lang='lat' dir='ltr'><strong>esset</strong></span> <span class='ocrx_word' id='word_1_19' title='bbox 2321 720 2388 784; x_wconf 90' lang='lat' dir='ltr'><strong>in</strong></span> <span class='ocrx_word' id='word_1_20' title='bbox 2433 720 2660 783; x_wconf 91' lang='lat' dir='ltr'><strong>mimo:</strong></span> 
     </span>
    </p>
   </div>
   <div class='ocr_carea' id='block_1_3' title="bbox 1128 840 2440 925">
    <p class='ocr_par' dir='ltr' id='par_1_3' title="bbox 1128 840 2440 925">
     <span class='ocr_line' id='line_1_4' title="bbox 1128 840 2440 925; baseline 0.003 -21"><span class='ocrx_word' id='word_1_21' title='bbox 1128 862 1165 904; x_wconf 95' lang='lat' dir='ltr'><strong>o</strong></span> <span class='ocrx_word' id='word_1_22' title='bbox 1215 840 1598 905; x_wconf 89' lang='lat' dir='ltr'><strong>dominum</strong></span> <span class='ocrx_word' id='word_1_23' title='bbox 1647 864 1966 925; x_wconf 90' lang='lat' dir='ltr'><strong>aequum</strong></span> <span class='ocrx_word' id='word_1_24' title='bbox 2013 847 2086 907; x_wconf 92' lang='lat' dir='ltr'><strong>et</strong></span> <span class='ocrx_word' id='word_1_25' title='bbox 2133 844 2440 908; x_wconf 76' lang='lat' dir='ltr'><strong>bonuml</strong></span> 
     </span>
    </p>
   </div>
   <div class='ocr_carea' id='block_1_4' title="bbox 539 966 3033 3719">
    <p class='ocr_par' dir='ltr' id='par_1_4' title="bbox 638 966 3030 1477">
     <span class='ocr_line' id='line_1_5' title="bbox 638 966 2945 1052; baseline 0 -23"><span class='ocrx_word' id='word_1_26' title='bbox 638 969 703 1029; x_wconf 91' lang='lat' dir='ltr'><strong>et</strong></span> <span class='ocrx_word' id='word_1_27' title='bbox 759 966 1045 1029; x_wconf 88' lang='lat' dir='ltr'><strong>uniuersi</strong></span> <span class='ocrx_word' id='word_1_28' title='bbox 1102 966 1285 1048; x_wconf 89' lang='lat' dir='ltr'><strong>quasi</strong></span> <span class='ocrx_word' id='word_1_29' title='bbox 1343 966 1420 1031; x_wconf 90' lang='lat' dir='ltr'><strong>de</strong></span> <span class='ocrx_word' id='word_1_30' title='bbox 1476 967 1618 1052; x_wconf 90' lang='lat' dir='ltr'><strong>ipso</strong></span> <span class='ocrx_word' id='word_1_31' title='bbox 1679 966 1920 1030; x_wconf 90' lang='lat' dir='ltr'><strong>dictum</strong></span> <span class='ocrx_word' id='word_1_32' title='bbox 1977 968 2338 1030; x_wconf 82' lang='lat' dir='ltr'><strong>exultantes</strong></span> <span class='ocrx_word' id='word_1_33' title='bbox 2395 966 2945 1049; x_wconf 79' lang='lat' dir='ltr'><strong>comprobassent,</strong></span> 
     </span>
     <span class='ocr_line' id='line_1_6' title="bbox 640 1073 3030 1157; baseline 0.001 -22"><span class='ocrx_word' id='word_1_34' title='bbox 640 1076 705 1135; x_wconf 90' lang='lat' dir='ltr'><strong>et</strong></span> <span class='ocrx_word' id='word_1_35' title='bbox 752 1074 971 1137; x_wconf 88' lang='lat' dir='ltr'><strong>statim</strong></span> <span class='ocrx_word' id='word_1_36' title='bbox 1034 1096 1227 1137; x_wconf 88' lang='lat' dir='ltr'><strong>manu</strong></span> <span class='ocrx_word' id='word_1_37' title='bbox 1288 1075 1602 1157; x_wconf 90' lang='lat' dir='ltr'><strong>uultuque</strong></span> <span class='ocrx_word' id='word_1_38' title='bbox 1666 1073 1997 1138; x_wconf 86' lang='lat' dir='ltr'><strong>indecoras</strong></span> <span class='ocrx_word' id='word_1_39' title='bbox 2053 1073 2454 1138; x_wconf 73' lang='lat' dir='ltr'><strong>adulationes</strong></span> <span class='ocrx_word' id='word_1_40' title='bbox 2516 1074 2818 1157; x_wconf 81' lang='lat' dir='ltr'><strong>repressit</strong></span> <span class='ocrx_word' id='word_1_41' title='bbox 2879 1076 2946 1135; x_wconf 93' lang='lat' dir='ltr'><strong>et</strong></span> <span class='ocrx_word' id='word_1_42' title='bbox 3001 1100 3030 1138; x_wconf 74' lang='lat'>5</span> 
     </span>
     <span class='ocr_line' id='line_1_7' title="bbox 641 1179 2944 1265; baseline 0.001 -24"><span class='ocrx_word' id='word_1_43' title='bbox 641 1180 1004 1262; x_wconf 86' lang='lat' dir='ltr'><strong>insequenti</strong></span> <span class='ocrx_word' id='word_1_44' title='bbox 1065 1179 1167 1243; x_wconf 91' lang='lat' dir='ltr'><strong>die</strong></span> <span class='ocrx_word' id='word_1_45' title='bbox 1226 1180 1611 1265; x_wconf 82' lang='lat' dir='ltr'><strong>grauissimo</strong></span> <span class='ocrx_word' id='word_1_46' title='bbox 1675 1180 1984 1264; x_wconf 88' lang='lat' dir='ltr'><strong>corripuit</strong></span> <span class='ocrx_word' id='word_1_47' title='bbox 2051 1179 2290 1265; x_wconf 83' lang='lat' dir='ltr'><strong>edict03</strong></span> <span class='ocrx_word' id='word_1_48' title='bbox 2355 1179 2814 1264; x_wconf 91' lang='lat' dir='ltr'><strong>dominumque</strong></span> <span class='ocrx_word' id='word_1_49' title='bbox 2875 1201 2944 1243; x_wconf 91' lang='lat' dir='ltr'><strong>se</strong></span> 
     </span>
     <span class='ocr_line' id='line_1_8' title="bbox 639 1285 2946 1371; baseline 0.001 -23"><span class='ocrx_word' id='word_1_50' title='bbox 639 1285 913 1369; x_wconf 89' lang='lat' dir='ltr'><strong>posthac</strong></span> <span class='ocrx_word' id='word_1_51' title='bbox 957 1286 1271 1371; x_wconf 86' lang='lat' dir='ltr'><strong>appellari</strong></span> <span class='ocrx_word' id='word_1_52' title='bbox 1319 1309 1399 1351; x_wconf 92' lang='lat' dir='ltr'><strong>ne</strong></span> <span class='ocrx_word' id='word_1_53' title='bbox 1445 1308 1484 1351; x_wconf 90' lang='lat' dir='ltr'><strong>a</strong></span> <span class='ocrx_word' id='word_1_54' title='bbox 1534 1285 1754 1350; x_wconf 90' lang='lat' dir='ltr'><strong>liberis</strong></span> <span class='ocrx_word' id='word_1_55' title='bbox 1802 1286 2060 1370; x_wconf 88' lang='lat' dir='ltr'><strong>quidem</strong></span> <span class='ocrx_word' id='word_1_56' title='bbox 2105 1290 2219 1351; x_wconf 88' lang='lat' dir='ltr'><strong>aut</strong></span> <span class='ocrx_word' id='word_1_57' title='bbox 2263 1286 2610 1371; x_wconf 86' lang='lat' dir='ltr'><strong>nepotibus</strong></span> <span class='ocrx_word' id='word_1_58' title='bbox 2657 1285 2790 1351; x_wconf 90' lang='lat' dir='ltr'><strong>suis</strong></span> <span class='ocrx_word' id='word_1_59' title='bbox 2839 1287 2946 1350; x_wconf 91' lang='lat' dir='ltr'><strong>uel</strong></span> 
     </span>
     <span class='ocr_line' id='line_1_9' title="bbox 644 1392 2943 1477; baseline 0 -22"><span class='ocrx_word' id='word_1_60' title='bbox 644 1393 808 1456; x_wconf 89' lang='lat' dir='ltr'><strong>serio</strong></span> <span class='ocrx_word' id='word_1_61' title='bbox 866 1393 973 1456; x_wconf 89' lang='lat' dir='ltr'><strong>uel</strong></span> <span class='ocrx_word' id='word_1_62' title='bbox 1031 1395 1174 1459; x_wconf 90' lang='lat' dir='ltr'><strong>ioco</strong></span> <span class='ocrx_word' id='word_1_63' title='bbox 1235 1416 1460 1477; x_wconf 89' lang='lat' dir='ltr'><strong>passus</strong></span> <span class='ocrx_word' id='word_1_64' title='bbox 1522 1398 1618 1457; x_wconf 91' lang='lat' dir='ltr'><strong>est</strong></span> <span class='ocrx_word' id='word_1_65' title='bbox 1679 1396 1874 1477; x_wconf 86' lang='lat' dir='ltr'><strong>atque</strong></span> <span class='ocrx_word' id='word_1_66' title='bbox 1934 1394 2069 1457; x_wconf 89' lang='lat' dir='ltr'><strong>eius</strong></span> <span class='ocrx_word' id='word_1_67' title='bbox 2128 1393 2305 1457; x_wconf 91' lang='lat' dir='ltr'><strong>modi</strong></span> <span class='ocrx_word' id='word_1_68' title='bbox 2352 1392 2698 1457; x_wconf 75' lang='lat' dir='ltr'><strong>blanditias</strong></span> <span class='ocrx_word' id='word_1_69' title='bbox 2747 1393 2943 1457; x_wconf 83' lang='lat' dir='ltr'><strong>etiam</strong></span> 
     </span>
    </p>

    <p class='ocr_par' dir='ltr' id='par_1_5' title="bbox 567 1499 3033 2226">
     <span class='ocr_line' id='line_1_10' title="bbox 567 1499 2946 1584; baseline 0.002 -25"><span class='ocrx_word' id='word_1_70' title='bbox 567 1511 599 1558; x_wconf 81' lang='lat'>2</span> <span class='ocrx_word' id='word_1_71' title='bbox 641 1499 809 1563; x_wconf 90' lang='lat' dir='ltr'><strong>inter</strong></span> <span class='ocrx_word' id='word_1_72' title='bbox 846 1500 1023 1584; x_wconf 88' lang='lat' dir='ltr'><strong>ipsos</strong></span> <span class='ocrx_word' id='word_1_73' title='bbox 1060 1501 1408 1583; x_wconf 88' lang='lat' dir='ltr'><strong>prohibuit.</strong></span> <span class='ocrx_word' id='word_1_74' title='bbox 1474 1521 1603 1564; x_wconf 91' lang='lat' dir='ltr'><strong>non</strong></span> <span class='ocrx_word' id='word_1_75' title='bbox 1644 1504 1881 1564; x_wconf 91' lang='lat' dir='ltr'><strong>temere</strong></span> <span class='ocrx_word' id='word_1_76' title='bbox 1918 1501 2076 1564; x_wconf 89' lang='lat' dir='ltr'><strong>urbe</strong></span> <span class='ocrx_word' id='word_1_77' title='bbox 2115 1500 2436 1584; x_wconf 88' lang='lat' dir='ltr'><strong>oppidoue</strong></span> <span class='ocrx_word' id='word_1_78' title='bbox 2472 1499 2608 1563; x_wconf 84' lang='lat' dir='ltr'><strong>ullo</strong></span> <span class='ocrx_word' id='word_1_79' title='bbox 2648 1520 2946 1583; x_wconf 82' lang='lat' dir='ltr'><strong>egressus</strong></span> 
     </span>
     <span class='ocr_line' id='line_1_11' title="bbox 640 1608 3033 1693; baseline 0 -23"><span class='ocrx_word' id='word_1_80' title='bbox 640 1611 752 1671; x_wconf 89' lang='lat' dir='ltr'><strong>aut</strong></span> <span class='ocrx_word' id='word_1_81' title='bbox 800 1629 1121 1691; x_wconf 87' lang='lat' dir='ltr'><strong>quoquam</strong></span> <span class='ocrx_word' id='word_1_82' title='bbox 1173 1609 1499 1693; x_wconf 76' lang='lat' dir='ltr'><strong>ingressus</strong></span> <span class='ocrx_word' id='word_1_83' title='bbox 1546 1612 1644 1671; x_wconf 89' lang='lat' dir='ltr'><strong>est</strong></span> <span class='ocrx_word' id='word_1_84' title='bbox 1689 1608 1816 1671; x_wconf 90' lang='lat' dir='ltr'><strong>nisi</strong></span> <span class='ocrx_word' id='word_1_85' title='bbox 1863 1630 2133 1691; x_wconf 89' lang='lat' dir='ltr'><strong>uespera</strong></span> <span class='ocrx_word' id='word_1_86' title='bbox 2187 1610 2300 1671; x_wconf 88' lang='lat' dir='ltr'><strong>aut</strong></span> <span class='ocrx_word' id='word_1_87' title='bbox 2343 1612 2571 1689; x_wconf 88' lang='lat' dir='ltr'><strong>noctu,</strong></span> <span class='ocrx_word' id='word_1_88' title='bbox 2623 1629 2704 1671; x_wconf 92' lang='lat' dir='ltr'><strong>ne</strong></span> <span class='ocrx_word' id='word_1_89' title='bbox 2749 1628 2946 1689; x_wconf 91' lang='lat' dir='ltr'><strong>quem</strong></span> <span class='ocrx_word' id='word_1_90' title='bbox 2975 1634 3033 1673; x_wconf 79' lang='grc' dir='ltr'><strong>ιο</strong></span> 
     </span>
     <span class='ocr_line' id='line_1_12' title="bbox 642 1712 2947 1798; baseline -0.001 -21"><span class='ocrx_word' id='word_1_91' title='bbox 642 1712 841 1777; x_wconf 89' lang='lat' dir='ltr'><strong>officii</strong></span> <span class='ocrx_word' id='word_1_92' title='bbox 881 1736 1073 1779; x_wconf 91' lang='lat' dir='ltr'><strong>causa</strong></span> <span class='ocrx_word' id='word_1_93' title='bbox 1108 1715 1511 1797; x_wconf 85' lang='lat' dir='ltr'><strong>inquietaret.</strong></span> <span class='ocrx_word' id='word_1_94' title='bbox 1593 1716 1661 1778; x_wconf 88' lang='lat' dir='ltr'><strong>in</strong></span> <span class='ocrx_word' id='word_1_95' title='bbox 1697 1716 2034 1779; x_wconf 81' lang='lat' dir='ltr'><strong>consulatu</strong></span> <span class='ocrx_word' id='word_1_96' title='bbox 2071 1714 2344 1798; x_wconf 89' lang='lat' dir='ltr'><strong>pedibus</strong></span> <span class='ocrx_word' id='word_1_97' title='bbox 2380 1714 2531 1797; x_wconf 89' lang='lat' dir='ltr'><strong>fere,</strong></span> <span class='ocrx_word' id='word_1_98' title='bbox 2578 1719 2758 1777; x_wconf 84' lang='lat' dir='ltr'><strong>extra</strong></span> <span class='ocrx_word' id='word_1_99' title='bbox 2795 1734 2947 1777; x_wconf 91' lang='lat' dir='ltr'><strong>con-</strong></span> 
     </span>
     <span class='ocr_line' id='line_1_13' title="bbox 642 1820 2945 1906; baseline 0.001 -25"><span class='ocrx_word' id='word_1_100' title='bbox 642 1822 924 1885; x_wconf 89' lang='lat' dir='ltr'><strong>sulatum</strong></span> <span class='ocrx_word' id='word_1_101' title='bbox 999 1843 1187 1904; x_wconf 84' lang='lat' dir='ltr'><strong>saepe</strong></span> <span class='ocrx_word' id='word_1_102' title='bbox 1253 1821 1561 1905; x_wconf 89' lang='lat' dir='ltr'><strong>adoperta</strong></span> <span class='ocrx_word' id='word_1_103' title='bbox 1625 1821 1780 1884; x_wconf 91' lang='lat' dir='ltr'><strong>sella</strong></span> <span class='ocrx_word' id='word_1_104' title='bbox 1843 1842 1959 1906; x_wconf 92' lang='lat' dir='ltr'><strong>per</strong></span> <span class='ocrx_word' id='word_1_105' title='bbox 2029 1821 2361 1905; x_wconf 89' lang='lat' dir='ltr'><strong>publicum</strong></span> <span class='ocrx_word' id='word_1_106' title='bbox 2425 1820 2704 1885; x_wconf 86' lang='lat' dir='ltr'><strong>incessit.</strong></span> <span class='ocrx_word' id='word_1_107' title='bbox 2797 1842 2945 1903; x_wconf 92' lang='lat' dir='ltr'><strong>pro-</strong></span> 
     </span>
     <span class='ocr_line' id='line_1_14' title="bbox 640 1926 2946 2012; baseline 0 -23"><span class='ocrx_word' id='word_1_108' title='bbox 640 1928 901 1991; x_wconf 88' lang='lat' dir='ltr'><strong>miscuis</strong></span> <span class='ocrx_word' id='word_1_109' title='bbox 959 1926 1457 1991; x_wconf 87' lang='lat' dir='ltr'><strong>salutationibus</strong></span> <span class='ocrx_word' id='word_1_110' title='bbox 1513 1927 1898 1992; x_wconf 86' lang='lat' dir='ltr'><strong>admittebat</strong></span> <span class='ocrx_word' id='word_1_111' title='bbox 1953 1932 2018 1991; x_wconf 90' lang='lat' dir='ltr'><strong>et</strong></span> <span class='ocrx_word' id='word_1_112' title='bbox 2072 1927 2351 2012; x_wconf 86' lang='lat' dir='ltr'><strong>plebem,</strong></span> <span class='ocrx_word' id='word_1_113' title='bbox 2407 1932 2587 1991; x_wconf 87' lang='lat' dir='ltr'><strong>tanta</strong></span> <span class='ocrx_word' id='word_1_114' title='bbox 2639 1927 2946 1991; x_wconf 87' lang='lat' dir='ltr'><strong>comitate</strong></span> 
     </span>
     <span class='ocr_line' id='line_1_15' title="bbox 637 2033 2946 2118; baseline 0 -22"><span class='ocrx_word' id='word_1_115' title='bbox 637 2033 1013 2098; x_wconf 87' lang='lat' dir='ltr'><strong>adeuntium</strong></span> <span class='ocrx_word' id='word_1_116' title='bbox 1072 2034 1386 2097; x_wconf 90' lang='lat' dir='ltr'><strong>desideria</strong></span> <span class='ocrx_word' id='word_1_117' title='bbox 1440 2035 1790 2118; x_wconf 83' lang='lat' dir='ltr'><strong>excipiens,</strong></span> <span class='ocrx_word' id='word_1_118' title='bbox 1846 2038 1920 2097; x_wconf 89' lang='lat' dir='ltr'><strong>ut</strong></span> <span class='ocrx_word' id='word_1_119' title='bbox 1975 2034 2292 2116; x_wconf 86' lang='lat' dir='ltr'><strong>quendam</strong></span> <span class='ocrx_word' id='word_1_120' title='bbox 2349 2034 2491 2097; x_wconf 91' lang='lat' dir='ltr'><strong>ioco</strong></span> <span class='ocrx_word' id='word_1_121' title='bbox 2541 2034 2946 2117; x_wconf 87' lang='lat' dir='ltr'><strong>corripuerit,</strong></span> 
     </span>
     <span class='ocr_line' id='line_1_16' title="bbox 642 2139 3030 2226; baseline 0.001 -24"><span class='ocrx_word' id='word_1_122' title='bbox 642 2141 816 2222; x_wconf 87' lang='lat' dir='ltr'><strong>quod</strong></span> <span class='ocrx_word' id='word_1_123' title='bbox 854 2142 947 2217; x_wconf 87' lang='lat' dir='ltr'><strong>sic</strong></span> <span class='ocrx_word' id='word_1_124' title='bbox 993 2141 1117 2204; x_wconf 91' lang='lat' dir='ltr'><strong>sibi</strong></span> <span class='ocrx_word' id='word_1_125' title='bbox 1162 2140 1454 2206; x_wconf 90' lang='lat' dir='ltr'><strong>libellum</strong></span> <span class='ocrx_word' id='word_1_126' title='bbox 1494 2140 1824 2226; x_wconf 84' lang='lat' dir='ltr'><strong>porrigere</strong></span> <span class='ocrx_word' id='word_1_127' title='bbox 1869 2139 2210 2222; x_wconf 86' lang='lat' dir='ltr'><strong>dubitaret,</strong></span> <span class='ocrx_word' id='word_1_128' title='bbox 2258 2143 2477 2224; x_wconf 87' lang='lat' dir='ltr'><strong>quasi</strong></span> <span class='ocrx_word' id='word_1_129' title='bbox 2525 2140 2943 2225; x_wconf 90' lang='lat' dir='ltr'><strong>elephanto</strong></span> <span class='ocrx_word' id='word_1_130' title='bbox 2977 2167 3030 2205; x_wconf 81' lang='lat'><strong>1⁵</strong></span> 
     </span>
    </p>

    <p class='ocr_par' dir='ltr' id='par_1_6' title="bbox 576 2245 3030 3166">
     <span class='ocr_line' id='line_1_17' title="bbox 576 2245 2947 2331; baseline 0 -21"><span class='ocrx_word' id='word_1_131' title='bbox 576 2255 607 2303; x_wconf 82' lang='grc'>3</span> <span class='ocrx_word' id='word_1_132' title='bbox 646 2250 941 2331; x_wconf 87' lang='lat' dir='ltr'><strong>stipem.</strong></span> <span class='ocrx_word' id='word_1_133' title='bbox 1027 2247 1127 2312; x_wconf 91' lang='lat' dir='ltr'><strong>die</strong></span> <span class='ocrx_word' id='word_1_134' title='bbox 1176 2252 1431 2311; x_wconf 87' lang='lat' dir='ltr'><strong>senatus</strong></span> <span class='ocrx_word' id='word_1_135' title='bbox 1478 2269 1829 2330; x_wconf 87' lang='lat' dir='ltr'><strong>numquam</strong></span> <span class='ocrx_word' id='word_1_136' title='bbox 1878 2250 2092 2331; x_wconf 91' lang='lat' dir='ltr'><strong>patres</strong></span> <span class='ocrx_word' id='word_1_137' title='bbox 2138 2247 2264 2311; x_wconf 90' lang='lat' dir='ltr'><strong>nisi</strong></span> <span class='ocrx_word' id='word_1_138' title='bbox 2304 2248 2370 2311; x_wconf 90' lang='lat' dir='ltr'><strong>in</strong></span> <span class='ocrx_word' id='word_1_139' title='bbox 2409 2247 2586 2311; x_wconf 91' lang='lat' dir='ltr'><strong>curia</strong></span> <span class='ocrx_word' id='word_1_140' title='bbox 2633 2245 2947 2311; x_wconf 86' lang='lat' dir='ltr'><strong>salutauit</strong></span> 
     </span>
     <span class='ocr_line' id='line_1_18' title="bbox 641 2353 2946 2439; baseline 0 -21"><span class='ocrx_word' id='word_1_141' title='bbox 641 2357 706 2418; x_wconf 89' lang='lat' dir='ltr'><strong>et</strong></span> <span class='ocrx_word' id='word_1_142' title='bbox 755 2354 1014 2437; x_wconf 87' lang='lat' dir='ltr'><strong>quidem</strong></span> <span class='ocrx_word' id='word_1_143' title='bbox 1062 2354 1340 2418; x_wconf 87' lang='lat' dir='ltr'><strong>sedentis</strong></span> <span class='ocrx_word' id='word_1_144' title='bbox 1387 2377 1463 2420; x_wconf 90' lang='lat' dir='ltr'><strong>ac</strong></span> <span class='ocrx_word' id='word_1_145' title='bbox 1507 2355 1893 2419; x_wconf 88' lang='lat' dir='ltr'><strong>nominatim</strong></span> <span class='ocrx_word' id='word_1_146' title='bbox 1942 2353 2230 2439; x_wconf 79' lang='lat' dir='ltr'><strong>singulos</strong></span> <span class='ocrx_word' id='word_1_147' title='bbox 2273 2354 2452 2418; x_wconf 87' lang='lat' dir='ltr'><strong>nullo</strong></span> <span class='ocrx_word' id='word_1_148' title='bbox 2493 2354 2946 2438; x_wconf 84' lang='lat' dir='ltr'><strong>submonente3</strong></span> 
     </span>
     <span class='ocr_line' id='line_1_19' title="bbox 642 2460 2944 2526; baseline 0 -3"><span class='ocrx_word' id='word_1_149' title='bbox 642 2462 835 2523; x_wconf 91' lang='lat' dir='ltr'><strong>etiam</strong></span> <span class='ocrx_word' id='word_1_150' title='bbox 885 2460 1214 2525; x_wconf 88' lang='lat' dir='ltr'><strong>discedens</strong></span> <span class='ocrx_word' id='word_1_151' title='bbox 1264 2461 1487 2525; x_wconf 90' lang='lat' dir='ltr'><strong>eodem</strong></span> <span class='ocrx_word' id='word_1_152' title='bbox 1535 2461 1728 2526; x_wconf 91' lang='lat' dir='ltr'><strong>modo</strong></span> <span class='ocrx_word' id='word_1_153' title='bbox 1778 2461 2147 2525; x_wconf 88' lang='lat' dir='ltr'><strong>sedentibus</strong></span> <span class='ocrx_word' id='word_1_154' title='bbox 2193 2463 2409 2525; x_wconf 89' lang='lat' dir='ltr'><strong>ualere</strong></span> <span class='ocrx_word' id='word_1_155' title='bbox 2458 2460 2728 2525; x_wconf 89' lang='lat' dir='ltr'><strong>dicebat.</strong></span> <span class='ocrx_word' id='word_1_156' title='bbox 2803 2461 2944 2523; x_wconf 90' lang='lat' dir='ltr'><strong>offi-</strong></span> 
     </span>
     <span class='ocr_line' id='line_1_20' title="bbox 641 2566 2944 2650; baseline 0.001 -21"><span class='ocrx_word' id='word_1_157' title='bbox 641 2568 739 2629; x_wconf 87' lang='lat' dir='ltr'><strong>cia</strong></span> <span class='ocrx_word' id='word_1_158' title='bbox 786 2589 927 2629; x_wconf 90' lang='lat' dir='ltr'><strong>cum</strong></span> <span class='ocrx_word' id='word_1_159' title='bbox 978 2567 1200 2631; x_wconf 90' lang='lat' dir='ltr'><strong>multis</strong></span> <span class='ocrx_word' id='word_1_160' title='bbox 1248 2571 1473 2631; x_wconf 89' lang='lat' dir='ltr'><strong>mutuo</strong></span> <span class='ocrx_word' id='word_1_161' title='bbox 1523 2568 1832 2650; x_wconf 84' lang='lat' dir='ltr'><strong>exercuit,</strong></span> <span class='ocrx_word' id='word_1_162' title='bbox 1890 2588 2007 2631; x_wconf 92' lang='lat' dir='ltr'><strong>nec</strong></span> <span class='ocrx_word' id='word_1_163' title='bbox 2054 2568 2234 2650; x_wconf 90' lang='lat' dir='ltr'><strong>prius</strong></span> <span class='ocrx_word' id='word_1_164' title='bbox 2283 2567 2418 2632; x_wconf 89' lang='lat' dir='ltr'><strong>dies</strong></span> <span class='ocrx_word' id='word_1_165' title='bbox 2465 2566 2774 2650; x_wconf 88' lang='lat' dir='ltr'><strong>cuiusque</strong></span> <span class='ocrx_word' id='word_1_166' title='bbox 2821 2568 2944 2631; x_wconf 90' lang='lat' dir='ltr'><strong>sol-</strong></span> 
     </span>
     <span class='ocr_line' id='line_1_21' title="bbox 640 2672 3030 2758; baseline 0.002 -23"><span class='ocrx_word' id='word_1_167' title='bbox 640 2672 882 2737; x_wconf 88' lang='lat' dir='ltr'><strong>lemnes</strong></span> <span class='ocrx_word' id='word_1_168' title='bbox 948 2674 1354 2757; x_wconf 87' lang='lat' dir='ltr'><strong>frequentare</strong></span> <span class='ocrx_word' id='word_1_169' title='bbox 1419 2675 1637 2755; x_wconf 89' lang='lat' dir='ltr'><strong>desiit,</strong></span> <span class='ocrx_word' id='word_1_170' title='bbox 1708 2696 1900 2758; x_wconf 89' lang='lat' dir='ltr'><strong>quam</strong></span> <span class='ocrx_word' id='word_1_171' title='bbox 1964 2674 2270 2757; x_wconf 85' lang='lat' dir='ltr'><strong>grandior</strong></span> <span class='ocrx_word' id='word_1_172' title='bbox 2333 2676 2460 2738; x_wconf 89' lang='lat' dir='ltr'><strong>iam</strong></span> <span class='ocrx_word' id='word_1_173' title='bbox 2523 2678 2680 2737; x_wconf 88' lang='lat' dir='ltr'><strong>natu</strong></span> <span class='ocrx_word' id='word_1_174' title='bbox 2747 2678 2811 2737; x_wconf 92' lang='lat' dir='ltr'><strong>et</strong></span> <span class='ocrx_word' id='word_1_175' title='bbox 2875 2676 2948 2738; x_wconf 90' lang='lat' dir='ltr'><strong>in</strong></span> <span class='ocrx_word' id='word_1_176' title='bbox 2974 2702 3030 2741; x_wconf 78' lang='lat'><strong>20</strong></span> 
     </span>
     <span class='ocr_line' id='line_1_22' title="bbox 640 2779 2943 2867; baseline 0 -24"><span class='ocrx_word' id='word_1_177' title='bbox 640 2781 830 2845; x_wconf 85' lang='lat' dir='ltr'><strong>turba</strong></span> <span class='ocrx_word' id='word_1_178' title='bbox 880 2782 1200 2865; x_wconf 87' lang='lat' dir='ltr'><strong>quondam</strong></span> <span class='ocrx_word' id='word_1_179' title='bbox 1251 2783 1722 2867; x_wconf 88' lang='lat' dir='ltr'><strong>sponsaliorum</strong></span> <span class='ocrx_word' id='word_1_180' title='bbox 1763 2780 1864 2844; x_wconf 91' lang='lat' dir='ltr'><strong>die</strong></span> <span class='ocrx_word' id='word_1_181' title='bbox 1902 2785 2188 2844; x_wconf 82' lang='lat' dir='ltr'><strong>uexatus.</strong></span> <span class='ocrx_word' id='word_1_182' title='bbox 2283 2779 2538 2846; x_wconf 81' lang='lat' dir='ltr'><strong>Gallum</strong></span> <span class='ocrx_word' id='word_1_183' title='bbox 2581 2780 2943 2845; x_wconf 86' lang='lat' dir='ltr'><strong>Cerrinium</strong></span> 
     </span>
     <span class='ocr_line' id='line_1_23' title="bbox 642 2869 2944 2973; baseline 0 -23"><span class='ocrx_word' id='word_1_184' title='bbox 642 2892 1001 2952; x_wconf 88' lang='lat' dir='ltr'><strong>senatorem</strong></span> <span class='ocrx_word' id='word_1_185' title='bbox 1047 2888 1260 2953; x_wconf 90' lang='lat' dir='ltr'><strong>minus</strong></span> <span class='ocrx_word' id='word_1_186' title='bbox 1318 2888 1444 2953; x_wconf 89' lang='lat' dir='ltr'><strong>sibi</strong></span> <span class='ocrx_word' id='word_1_187' title='bbox 1493 2888 1904 2969; x_wconf 88' lang='lat' dir='ltr'><strong>familiarem,</strong></span> <span class='ocrx_word' id='word_1_188' title='bbox 1961 2888 2072 2952; x_wconf 92' lang='lat' dir='ltr'><strong>sed</strong></span> <span class='ocrx_word' id='word_1_189' title='bbox 2119 2869 2380 2971; x_wconf 86' lang='lat' dir='ltr'><strong>captum</strong></span> <span class='ocrx_word' id='word_1_190' title='bbox 2426 2891 2688 2973; x_wconf 90' lang='lat' dir='ltr'><strong>repente</strong></span> <span class='ocrx_word' id='word_1_191' title='bbox 2737 2887 2944 2951; x_wconf 90' lang='lat' dir='ltr'><strong>oculis</strong></span> 
     </span>
     <span class='ocr_line' id='line_1_24' title="bbox 642 2992 2943 3079; baseline 0 -22"><span class='ocrx_word' id='word_1_192' title='bbox 642 2998 706 3057; x_wconf 91' lang='lat' dir='ltr'><strong>et</strong></span> <span class='ocrx_word' id='word_1_193' title='bbox 754 2993 839 3059; x_wconf 92' lang='lat' dir='ltr'><strong>ob</strong></span> <span class='ocrx_word' id='word_1_194' title='bbox 885 2995 1037 3079; x_wconf 87' lang='lat' dir='ltr'><strong>&lt;id&gt;</strong></span> <span class='ocrx_word' id='word_1_195' title='bbox 1094 2994 1431 3078; x_wconf 89' lang='lat' dir='ltr'><strong>inedia[m]</strong></span> <span class='ocrx_word' id='word_1_196' title='bbox 1490 2996 1656 3058; x_wconf 89' lang='lat' dir='ltr'><strong>mori</strong></span> <span class='ocrx_word' id='word_1_197' title='bbox 1714 2992 2137 3057; x_wconf 88' lang='lat' dir='ltr'><strong>destinantem</strong></span> <span class='ocrx_word' id='word_1_198' title='bbox 2191 3016 2493 3078; x_wconf 86' lang='lat' dir='ltr'><strong>praesens</strong></span> <span class='ocrx_word' id='word_1_199' title='bbox 2550 2992 2943 3058; x_wconf 89' lang='lat' dir='ltr'><strong>consolando</strong></span> 
     </span>
     <span class='ocr_line' id='line_1_25' title="bbox 642 3101 1361 3166; baseline -0.003 -1"><span class='ocrx_word' id='word_1_200' title='bbox 642 3102 971 3166; x_wconf 88' lang='lat' dir='ltr'><strong>reuocauit</strong></span> <span class='ocrx_word' id='word_1_201' title='bbox 1016 3101 1096 3165; x_wconf 87' lang='lat' dir='ltr'><strong>ad</strong></span> <span class='ocrx_word' id='word_1_202' title='bbox 1141 3102 1361 3165; x_wconf 91' lang='lat' dir='ltr'><strong>uitam.</strong></span> 
     </span>
    </p>

    <p class='ocr_par' dir='ltr' id='par_1_7' title="bbox 539 3195 3026 3719">
     <span class='ocr_line' id='line_1_26' title="bbox 539 3195 3026 3291; baseline -0.002 -19"><span class='ocrx_word' id='word_1_203' title='bbox 539 3195 635 3263; x_wconf 77' lang='lat'><strong>54</strong></span> <span class='ocrx_word' id='word_1_204' title='bbox 819 3206 896 3272; x_wconf 92' lang='lat' dir='ltr'><strong>In</strong></span> <span class='ocrx_word' id='word_1_205' title='bbox 944 3213 1167 3273; x_wconf 88' lang='lat' dir='ltr'><strong>senatu</strong></span> <span class='ocrx_word' id='word_1_206' title='bbox 1215 3206 1411 3273; x_wconf 91' lang='lat' dir='ltr'><strong>uerba</strong></span> <span class='ocrx_word' id='word_1_207' title='bbox 1455 3208 1717 3272; x_wconf 88' lang='lat' dir='ltr'><strong>facienti</strong></span> <span class='ocrx_word' id='word_1_208' title='bbox 1764 3208 2005 3273; x_wconf 90' lang='lat' dir='ltr'><strong>dictum</strong></span> <span class='ocrx_word' id='word_1_209' title='bbox 2055 3213 2178 3272; x_wconf 90' lang='lat' dir='ltr'><strong>est:</strong></span> <span class='ocrx_word' id='word_1_210' title='bbox 2236 3231 2385 3272; x_wconf 89' lang='lat' dir='ltr'><strong>non</strong></span> <span class='ocrx_word' id='word_1_211' title='bbox 2430 3207 2822 3291; x_wconf 81' lang='lat' dir='ltr'><strong>intellexi,</strong></span> <span class='ocrx_word' id='word_1_212' title='bbox 2877 3210 2944 3271; x_wconf 89' lang='lat' dir='ltr'><strong>et</strong></span> <span class='ocrx_word' id='word_1_213' title='bbox 2973 3229 3026 3268; x_wconf 74' lang='lat'><strong>25</strong></span> 
     </span>
     <span class='ocr_line' id='line_1_27' title="bbox 643 3314 2944 3396; baseline 0.001 -19"><span class='ocrx_word' id='word_1_214' title='bbox 643 3315 722 3377; x_wconf 91' lang='lat' dir='ltr'><strong>ab</strong></span> <span class='ocrx_word' id='word_1_215' title='bbox 765 3315 918 3378; x_wconf 82' lang='lat' dir='ltr'><strong>alio:</strong></span> <span class='ocrx_word' id='word_1_216' title='bbox 966 3320 1235 3379; x_wconf 89' lang='lat' dir='ltr'><strong>contra</strong></span> <span class='ocrx_word' id='word_1_217' title='bbox 1282 3315 1610 3379; x_wconf 90' lang='lat' dir='ltr'><strong>dicerem</strong></span> <span class='ocrx_word' id='word_1_218' title='bbox 1661 3315 1834 3396; x_wconf 89' lang='lat' dir='ltr'><strong>tibi,</strong></span> <span class='ocrx_word' id='word_1_219' title='bbox 1883 3317 1945 3379; x_wconf 87' lang='lat' dir='ltr'><strong>si</strong></span> <span class='ocrx_word' id='word_1_220' title='bbox 1993 3314 2244 3379; x_wconf 90' lang='lat' dir='ltr'><strong>locum</strong></span> <span class='ocrx_word' id='word_1_221' title='bbox 2291 3314 2664 3380; x_wconf 85' lang='lat' dir='ltr'><strong>haberem.</strong></span> <span class='ocrx_word' id='word_1_222' title='bbox 2750 3316 2944 3379; x_wconf 88' lang='lat' dir='ltr'><strong>inter-</strong></span> 
     </span>
     <span class='ocr_line' id='line_1_28' title="bbox 644 3421 2942 3505; baseline 0 -21"><span class='ocrx_word' id='word_1_223' title='bbox 644 3421 797 3485; x_wconf 90' lang='lat' dir='ltr'><strong>dum</strong></span> <span class='ocrx_word' id='word_1_224' title='bbox 837 3422 918 3486; x_wconf 95' lang='lat' dir='ltr'><strong>ob</strong></span> <span class='ocrx_word' id='word_1_225' title='bbox 959 3421 1335 3486; x_wconf 87' lang='lat' dir='ltr'><strong>immodicas</strong></span> <span class='ocrx_word' id='word_1_226' title='bbox 1365 3421 1862 3505; x_wconf 86' lang='lat' dir='ltr'><strong>disceptantium</strong></span> <span class='ocrx_word' id='word_1_227' title='bbox 1893 3422 2338 3486; x_wconf 88' lang='lat' dir='ltr'><strong>altercationes</strong></span> <span class='ocrx_word' id='word_1_228' title='bbox 2368 3444 2402 3485; x_wconf 91' lang='lat' dir='ltr'><strong>e</strong></span> <span class='ocrx_word' id='word_1_229' title='bbox 2432 3422 2609 3485; x_wconf 88' lang='lat' dir='ltr'><strong>curia</strong></span> <span class='ocrx_word' id='word_1_230' title='bbox 2635 3443 2751 3505; x_wconf 91' lang='lat' dir='ltr'><strong>per</strong></span> <span class='ocrx_word' id='word_1_231' title='bbox 2777 3422 2942 3485; x_wconf 90' lang='lat' dir='ltr'><strong>iram</strong></span> 
     </span>
     <span class='ocr_line' id='line_1_29' title="bbox 643 3527 2946 3612; baseline 0.001 -22"><span class='ocrx_word' id='word_1_232' title='bbox 643 3549 709 3590; x_wconf 90' lang='lat' dir='ltr'><strong>se</strong></span> <span class='ocrx_word' id='word_1_233' title='bbox 766 3528 1148 3611; x_wconf 88' lang='lat' dir='ltr'><strong>proripienti</strong></span> <span class='ocrx_word' id='word_1_234' title='bbox 1206 3527 1467 3612; x_wconf 91' lang='lat' dir='ltr'><strong>quidam</strong></span> <span class='ocrx_word' id='word_1_235' title='bbox 1525 3530 1959 3612; x_wconf 87' lang='lat' dir='ltr'><strong>ingesserunt,</strong></span> <span class='ocrx_word' id='word_1_236' title='bbox 2021 3528 2260 3592; x_wconf 88' lang='lat' dir='ltr'><strong>licere</strong></span> <span class='ocrx_word' id='word_1_237' title='bbox 2317 3533 2674 3612; x_wconf 89' lang='lat' dir='ltr'><strong>oportere</strong></span> <span class='ocrx_word' id='word_1_238' title='bbox 2731 3550 2946 3593; x_wconf 89' lang='lat' dir='ltr'><strong>sena-</strong></span> 
     </span>
     <span class='ocr_line' id='line_1_30' title="bbox 641 3633 2944 3719; baseline 0.002 -23"><span class='ocrx_word' id='word_1_239' title='bbox 641 3634 946 3699; x_wconf 90' lang='lat' dir='ltr'><strong>toribus</strong></span> <span class='ocrx_word' id='word_1_240' title='bbox 977 3634 1062 3698; x_wconf 91' lang='lat' dir='ltr'><strong>de</strong></span> <span class='ocrx_word' id='word_1_241' title='bbox 1091 3657 1168 3698; x_wconf 91' lang='lat' dir='ltr'><strong>re</strong></span> <span class='ocrx_word' id='word_1_242' title='bbox 1196 3658 1255 3719; x_wconf 94' lang='lat' dir='ltr'><strong>p.</strong></span> <span class='ocrx_word' id='word_1_243' title='bbox 1285 3634 1520 3719; x_wconf 89' lang='lat' dir='ltr'><strong>loqui.</strong></span> <span class='ocrx_word' id='word_1_244' title='bbox 1586 3634 1908 3698; x_wconf 88' lang='lat' dir='ltr'><strong>Antistius</strong></span> <span class='ocrx_word' id='word_1_245' title='bbox 1937 3633 2152 3699; x_wconf 90' lang='lat' dir='ltr'><strong>Labeo</strong></span> <span class='ocrx_word' id='word_1_246' title='bbox 2185 3639 2442 3698; x_wconf 88' lang='lat' dir='ltr'><strong>senatus</strong></span> <span class='ocrx_word' id='word_1_247' title='bbox 2470 3634 2766 3718; x_wconf 90' lang='lat' dir='ltr'><strong>lectione,</strong></span> <span class='ocrx_word' id='word_1_248' title='bbox 2796 3656 2944 3699; x_wconf 89' lang='lat' dir='ltr'><strong>cum</strong></span> 
     </span>
    </p>
   </div>
   <div class='ocr_carea' id='block_1_5' title="bbox 745 3780 1070 3786">
    <p class='ocr_par' dir='ltr' id='par_1_8' title="bbox 745 3780 1070 3786">
     <span class='ocr_line' id='line_1_31' title="bbox 745 3780 1070 3786; baseline 0 0"><span class='ocrx_word' id='word_1_249' title='bbox 745 3780 1070 3786; x_wconf 95' lang='lat' dir='ltr'><strong> </strong></span> 
     </span>
    </p>
   </div>
   <div class='ocr_carea' id='block_1_6' title="bbox 642 3854 2945 4630">
    <p class='ocr_par' dir='ltr' id='par_1_9' title="bbox 642 3854 2945 4630">
     <span class='ocr_line' id='line_1_32' title="bbox 787 3854 2945 3923; baseline 0.001 -17"><span class='ocrx_word' id='word_1_250' title='bbox 787 3860 817 3906; x_wconf 83' lang='lat'>5</span> <span class='ocrx_word' id='word_1_251' title='bbox 850 3856 1015 3923; x_wconf 78' lang='lat' dir='ltr'><strong>prius</strong></span> <span class='ocrx_word' id='word_1_252' title='bbox 1043 3857 1101 3909; x_wconf 89' lang='lat' dir='ltr'><strong>et</strong></span> <span class='ocrx_word' id='word_1_253' title='bbox 1127 3872 1226 3909; x_wconf 89' lang='lat' dir='ltr'><strong>om.</strong></span> <span class='ocrx_word' id='word_1_254' title='bbox 1263 3855 1445 3921; x_wconf 79' lang='lat' dir='ltr'><strong>GTN,</strong></span> <span class='ocrx_word' id='word_1_255' title='bbox 1482 3872 1617 3909; x_wconf 81' lang='lat' dir='ltr'><strong>eras.</strong></span> <span class='ocrx_word' id='word_1_256' title='bbox 1650 3855 1712 3907; x_wconf 73' lang='lat' dir='ltr'><strong>in</strong></span> <span class='ocrx_word' id='word_1_257' title='bbox 1741 3854 1851 3908; x_wconf 89' lang='lat' dir='ltr'><strong>HS</strong></span> <span class='ocrx_word' id='word_1_258' title='bbox 1958 3859 1989 3906; x_wconf 87' lang='grc'>8</span> <span class='ocrx_word' id='word_1_259' title='bbox 2019 3857 2104 3907; x_wconf 87' lang='lat' dir='ltr'><strong>est</strong></span> <span class='ocrx_word' id='word_1_260' title='bbox 2132 3872 2232 3909; x_wconf 86' lang='lat' dir='ltr'><strong>om.</strong></span> <span class='ocrx_word' id='word_1_261' title='bbox 2267 3856 2318 3907; x_wconf 94' lang='lat' dir='ltr'><em>V</em></span> <span class='ocrx_word' id='word_1_262' title='bbox 2422 3860 2488 3907; x_wconf 93' lang='grc'><strong>10</strong></span> <span class='ocrx_word' id='word_1_263' title='bbox 2518 3870 2700 3923; x_wconf 90' lang='lat' dir='ltr'><strong>neque</strong></span> <span class='ocrx_word' id='word_1_264' title='bbox 2723 3886 2788 3894; x_wconf 92' lang='lat'>—</span> <span class='ocrx_word' id='word_1_265' title='bbox 2811 3871 2945 3908; x_wconf 87' lang='lat' dir='ltr'><strong>cau-</strong></span> 
     </span>
     <span class='ocr_line' id='line_1_33' title="bbox 646 3934 2944 4005; baseline 0 -19"><span class='ocrx_word' id='word_1_266' title='bbox 646 3950 764 3987; x_wconf 86' lang='lat' dir='ltr'><strong>sam</strong></span> <span class='ocrx_word' id='word_1_267' title='bbox 798 3937 870 3989; x_wconf 91' lang='lat' dir='ltr'><em>M</em></span> <span class='ocrx_word' id='word_1_268' title='bbox 878 3936 893 3966; x_wconf 90' lang='lat'>¹</span> <span class='ocrx_word' id='word_1_269' title='bbox 1049 3943 1114 3989; x_wconf 78' lang='lat'><strong>12</strong></span> <span class='ocrx_word' id='word_1_270' title='bbox 1154 3936 1429 4005; x_wconf 81' lang='lat' dir='ltr'><strong>adaperta</strong></span> <span class='ocrx_word' id='word_1_271' title='bbox 1460 3936 1769 3990; x_wconf 77' lang='lat' dir='ltr'><strong>Beroaldus</strong></span> <span class='ocrx_word' id='word_1_272' title='bbox 1789 3937 1974 4005; x_wconf 77' lang='lat' dir='ltr'><strong>(Roth)</strong></span> <span class='ocrx_word' id='word_1_273' title='bbox 2117 3942 2182 3988; x_wconf 82' lang='lat'><strong>15</strong></span> <span class='ocrx_word' id='word_1_274' title='bbox 2213 3935 2294 3988; x_wconf 87' lang='lat' dir='ltr'><strong>sic</strong></span> <span class='ocrx_word' id='word_1_275' title='bbox 2322 3952 2421 3988; x_wconf 86' lang='lat' dir='ltr'><strong>om.</strong></span> <span class='ocrx_word' id='word_1_276' title='bbox 2457 3935 2509 3989; x_wconf 77' lang='lat' dir='ltr'><em>G</em></span> <span class='ocrx_word' id='word_1_277' title='bbox 2645 3934 2944 3988; x_wconf 87' lang='lat' dir='ltr'><strong>dubitaue-</strong></span> 
     </span>
     <span class='ocr_line' id='line_1_34' title="bbox 642 4016 2944 4086; baseline -0.001 -17"><span class='ocrx_word' id='word_1_278' title='bbox 642 4016 719 4069; x_wconf 88' lang='lat' dir='ltr'><strong>rit</strong></span> <span class='ocrx_word' id='word_1_279' title='bbox 747 4016 813 4069; x_wconf 92' lang='lat' dir='ltr'><strong><em>N</em></strong></span> <span class='ocrx_word' id='word_1_280' title='bbox 956 4021 1020 4069; x_wconf 88' lang='grc'><strong>16</strong></span> <span class='ocrx_word' id='word_1_281' title='bbox 1061 4016 1287 4086; x_wconf 88' lang='lat' dir='ltr'><strong>stipem]</strong></span> <span class='ocrx_word' id='word_1_282' title='bbox 1328 4031 1507 4068; x_wconf 85' lang='lat' dir='ltr'><strong>assem</strong></span> <span class='ocrx_word' id='word_1_283' title='bbox 1550 4016 1734 4085; x_wconf 72' lang='lat' dir='ltr'><strong>Quint.</strong></span> <span class='ocrx_word' id='word_1_284' title='bbox 1776 4018 1900 4070; x_wconf 75' lang='lat' dir='ltr'><strong>inst.</strong></span> <span class='ocrx_word' id='word_1_285' title='bbox 1945 4017 2033 4069; x_wconf 88' lang='lat' dir='ltr'><strong>VI</strong></span> <span class='ocrx_word' id='word_1_286' title='bbox 2060 4020 2112 4081; x_wconf 88' lang='lat'><strong>3,</strong></span> <span class='ocrx_word' id='word_1_287' title='bbox 2144 4020 2216 4069; x_wconf 87' lang='grc'><strong>59</strong></span> <span class='ocrx_word' id='word_1_288' title='bbox 2252 4022 2302 4069; x_wconf 85' lang='lat' dir='ltr'><strong>et</strong></span> <span class='ocrx_word' id='word_1_289' title='bbox 2333 4016 2580 4069; x_wconf 82' lang='lat' dir='ltr'><strong>Macrob.</strong></span> <span class='ocrx_word' id='word_1_290' title='bbox 2611 4021 2710 4069; x_wconf 81' lang='lat' dir='ltr'><strong>sat.</strong></span> <span class='ocrx_word' id='word_1_291' title='bbox 2743 4016 2819 4068; x_wconf 88' lang='lat' dir='ltr'><strong>II</strong></span> <span class='ocrx_word' id='word_1_292' title='bbox 2839 4019 2944 4081; x_wconf 76' lang='lat'><strong>4,3</strong></span> 
     </span>
     <span class='ocr_line' id='line_1_35' title="bbox 650 4094 2943 4167; baseline -0 -18"><span class='ocrx_word' id='word_1_293' title='bbox 650 4102 714 4149; x_wconf 87' lang='grc'><strong>17</strong></span> <span class='ocrx_word' id='word_1_294' title='bbox 754 4094 1151 4149; x_wconf 87' lang='lat' dir='ltr'><strong>submonentes</strong></span> <span class='ocrx_word' id='word_1_295' title='bbox 1183 4097 1295 4159; x_wconf 73' lang='lat'><strong>111¹,</strong></span> <span class='ocrx_word' id='word_1_296' title='bbox 1335 4112 1392 4149; x_wconf 89' lang='lat' dir='ltr'><strong>se</strong></span> <span class='ocrx_word' id='word_1_297' title='bbox 1420 4100 1682 4148; x_wconf 88' lang='lat' dir='ltr'><strong>monente</strong></span> <span class='ocrx_word' id='word_1_298' title='bbox 1713 4096 1778 4148; x_wconf 89' lang='lat' dir='ltr'><em>N</em></span> <span class='ocrx_word' id='word_1_299' title='bbox 1809 4102 1858 4149; x_wconf 81' lang='lat' dir='ltr'><strong>et</strong></span> <span class='ocrx_word' id='word_1_300' title='bbox 1884 4097 1964 4150; x_wconf 80' lang='lat' dir='ltr'><strong>sic</strong></span> <span class='ocrx_word' id='word_1_301' title='bbox 1986 4113 2092 4163; x_wconf 82' lang='lat' dir='ltr'><strong>pro</strong></span> <span class='ocrx_word' id='word_1_302' title='bbox 2121 4113 2172 4147; x_wconf 80' lang='lat' dir='ltr'><strong>u.</strong></span> <span class='ocrx_word' id='word_1_303' title='bbox 2206 4098 2238 4149; x_wconf 83' lang='lat' dir='ltr'><strong>l.</strong></span> <span class='ocrx_word' id='word_1_304' title='bbox 2271 4112 2337 4149; x_wconf 79' lang='lat' dir='ltr'><strong>ss.</strong></span> <span class='ocrx_word' id='word_1_305' title='bbox 2369 4094 2452 4147; x_wconf 80' lang='lat' dir='ltr'><strong>L³</strong></span> <span class='ocrx_word' id='word_1_306' title='bbox 2614 4100 2682 4148; x_wconf 88' lang='lat'><strong>18</strong></span> <span class='ocrx_word' id='word_1_307' title='bbox 2719 4095 2943 4167; x_wconf 88' lang='lat' dir='ltr'><strong>eodem]</strong></span> 
     </span>
     <span class='ocr_line' id='line_1_36' title="bbox 645 4175 2942 4245; baseline -0 -16"><span class='ocrx_word' id='word_1_308' title='bbox 645 4193 709 4229; x_wconf 93' lang='lat' dir='ltr'><strong>eo</strong></span> <span class='ocrx_word' id='word_1_309' title='bbox 747 4180 794 4228; x_wconf 73' lang='grc' dir='ltr'><em>Τ</em></span> <span class='ocrx_word' id='word_1_310' title='bbox 937 4182 1002 4229; x_wconf 86' lang='grc'><strong>19</strong></span> <span class='ocrx_word' id='word_1_311' title='bbox 1041 4179 1238 4229; x_wconf 88' lang='lat' dir='ltr'><strong>mutua</strong></span> <span class='ocrx_word' id='word_1_312' title='bbox 1268 4177 1314 4230; x_wconf 92' lang='grc' dir='ltr'><strong>Ι.</strong></span> <span class='ocrx_word' id='word_1_313' title='bbox 1342 4176 1406 4229; x_wconf 82' lang='lat' dir='ltr'><strong>F.</strong></span> <span class='ocrx_word' id='word_1_314' title='bbox 1434 4176 1667 4230; x_wconf 73' lang='lat' dir='ltr'><strong>Gronov.</strong></span> <span class='ocrx_word' id='word_1_315' title='bbox 1817 4182 1884 4227; x_wconf 79' lang='lat'><strong>20</strong></span> <span class='ocrx_word' id='word_1_316' title='bbox 1923 4175 2189 4244; x_wconf 85' lang='lat' dir='ltr'><strong>grandior</strong></span> <span class='ocrx_word' id='word_1_317' title='bbox 2226 4176 2342 4227; x_wconf 87' lang='lat' dir='ltr'><strong>iam</strong></span> <span class='ocrx_word' id='word_1_318' title='bbox 2377 4178 2515 4228; x_wconf 88' lang='lat' dir='ltr'><strong>natu</strong></span> <span class='ocrx_word' id='word_1_319' title='bbox 2555 4192 2588 4234; x_wconf 89' lang='grc' dir='ltr'><strong>ς</strong></span> <span class='ocrx_word' id='word_1_320' title='bbox 2627 4175 2726 4243; x_wconf 81' lang='lat' dir='ltr'><strong>(ed.</strong></span> <span class='ocrx_word' id='word_1_321' title='bbox 2760 4176 2942 4245; x_wconf 74' lang='lat' dir='ltr'><strong>princ.</strong></span> 
     </span>
     <span class='ocr_line' id='line_1_37' title="bbox 646 4254 2944 4325; baseline 0 -17"><span class='ocrx_word' id='word_1_322' title='bbox 646 4257 853 4325; x_wconf 73' lang='lat' dir='ltr'><strong>Rom),</strong></span> <span class='ocrx_word' id='word_1_323' title='bbox 890 4257 1095 4325; x_wconf 83' lang='lat' dir='ltr'><strong>grandi</strong></span> <span class='ocrx_word' id='word_1_324' title='bbox 1121 4256 1237 4309; x_wconf 90' lang='lat' dir='ltr'><strong>iam</strong></span> <span class='ocrx_word' id='word_1_325' title='bbox 1265 4258 1466 4309; x_wconf 85' lang='lat' dir='ltr'><strong>ornatu</strong></span> <span class='ocrx_word' id='word_1_326' title='bbox 1485 4258 1563 4321; x_wconf 74' lang='grc' dir='ltr'><strong>Ω,</strong></span> <span class='ocrx_word' id='word_1_327' title='bbox 1602 4256 1716 4308; x_wconf 85' lang='lat' dir='ltr'><strong>iam</strong></span> <span class='ocrx_word' id='word_1_328' title='bbox 1747 4256 2014 4324; x_wconf 83' lang='lat' dir='ltr'><strong>grandior</strong></span> <span class='ocrx_word' id='word_1_329' title='bbox 2041 4258 2178 4309; x_wconf 90' lang='lat' dir='ltr'><strong>natu</strong></span> <span class='ocrx_word' id='word_1_330' title='bbox 2209 4276 2257 4323; x_wconf 85' lang='grc' dir='ltr'><strong>ρ,</strong></span> <span class='ocrx_word' id='word_1_331' title='bbox 2294 4254 2497 4323; x_wconf 84' lang='lat' dir='ltr'><strong>grandi</strong></span> <span class='ocrx_word' id='word_1_332' title='bbox 2525 4255 2639 4309; x_wconf 85' lang='lat' dir='ltr'><strong>iam</strong></span> <span class='ocrx_word' id='word_1_333' title='bbox 2668 4258 2807 4308; x_wconf 86' lang='lat' dir='ltr'><strong>natu</strong></span> <span class='ocrx_word' id='word_1_334' title='bbox 2825 4255 2944 4315; x_wconf 72' lang='lat' dir='ltr'><strong>L⁸3</strong></span> 
     </span>
     <span class='ocr_line' id='line_1_38' title="bbox 645 4335 2944 4405; baseline 0 -18"><span class='ocrx_word' id='word_1_335' title='bbox 645 4336 746 4400; x_wconf 75' lang='lat' dir='ltr'><strong>(ed.</strong></span> <span class='ocrx_word' id='word_1_336' title='bbox 781 4338 1007 4391; x_wconf 80' lang='lat' dir='ltr'><strong>Mediol.</strong></span> <span class='ocrx_word' id='word_1_337' title='bbox 1040 4341 1181 4389; x_wconf 75' lang='lat'><strong><em>1494</em></strong></span> <span class='ocrx_word' id='word_1_338' title='bbox 1220 4338 1315 4404; x_wconf 84' lang='lat' dir='ltr'><strong>al.)</strong></span> <span class='ocrx_word' id='word_1_339' title='bbox 1461 4342 1523 4387; x_wconf 82' lang='grc'><strong>21</strong></span> <span class='ocrx_word' id='word_1_340' title='bbox 1568 4336 1854 4403; x_wconf 83' lang='lat' dir='ltr'><strong>quondam</strong></span> <span class='ocrx_word' id='word_1_341' title='bbox 1891 4352 1991 4389; x_wconf 87' lang='lat' dir='ltr'><strong>om.</strong></span> <span class='ocrx_word' id='word_1_342' title='bbox 2023 4336 2190 4405; x_wconf 66' lang='grc' dir='ltr'>ΠῙῼ,</span> <span class='ocrx_word' id='word_1_343' title='bbox 2229 4336 2474 4402; x_wconf 85' lang='lat' dir='ltr'><strong>quodam</strong></span> <span class='ocrx_word' id='word_1_344' title='bbox 2507 4336 2736 4390; x_wconf 76' lang='lat' dir='ltr'><strong>Goesius</strong></span> <span class='ocrx_word' id='word_1_345' title='bbox 2861 4335 2944 4387; x_wconf 89' lang='lat' dir='ltr'><strong>di-</strong></span> 
     </span>
     <span class='ocr_line' id='line_1_39' title="bbox 647 4415 2942 4487; baseline 0 -20"><span class='ocrx_word' id='word_1_346' title='bbox 647 4419 883 4469; x_wconf 80' lang='lat' dir='ltr'><strong>uexatus</strong></span> <span class='ocrx_word' id='word_1_347' title='bbox 915 4418 1162 4487; x_wconf 69' lang='lat' dir='ltr'><strong>Bentley,</strong></span> <span class='ocrx_word' id='word_1_348' title='bbox 1202 4415 1299 4469; x_wconf 90' lang='lat' dir='ltr'><strong>diu</strong></span> <span class='ocrx_word' id='word_1_349' title='bbox 1338 4418 1573 4469; x_wconf 87' lang='lat' dir='ltr'><strong>uexatus</strong></span> <span class='ocrx_word' id='word_1_350' title='bbox 1612 4416 1844 4470; x_wconf 74' lang='lat' dir='ltr'><strong>Damste‘</strong></span> <span class='ocrx_word' id='word_1_351' title='bbox 2013 4416 2324 4469; x_wconf 77' lang='lat' dir='ltr'><strong>Cerrinium</strong></span> <span class='ocrx_word' id='word_1_352' title='bbox 2362 4415 2610 4478; x_wconf 64' lang='lat' dir='ltr'><strong>Rohdem</strong></span> <span class='ocrx_word' id='word_1_353' title='bbox 2647 4415 2942 4468; x_wconf 86' lang='lat' dir='ltr'><strong>terrinium</strong></span> 
     </span>
     <span class='ocr_line' id='line_1_40' title="bbox 649 4495 2944 4562; baseline -0 -13"><span class='ocrx_word' id='word_1_354' title='bbox 649 4498 719 4549; x_wconf 81' lang='lat' dir='ltr'><em>M</em></span> <span class='ocrx_word' id='word_1_355' title='bbox 736 4498 843 4561; x_wconf 74' lang='lat' dir='ltr'><strong>Vr,</strong></span> <span class='ocrx_word' id='word_1_356' title='bbox 882 4495 1185 4550; x_wconf 84' lang='lat' dir='ltr'><strong>terminum</strong></span> <span class='ocrx_word' id='word_1_357' title='bbox 1218 4496 1285 4561; x_wconf 80' lang='lat' dir='ltr'><strong>G,</strong></span> <span class='ocrx_word' id='word_1_358' title='bbox 1325 4496 1596 4549; x_wconf 87' lang='lat' dir='ltr'><strong>terrinum</strong></span> <span class='ocrx_word' id='word_1_359' title='bbox 1624 4500 1682 4547; x_wconf 82' lang='lat' dir='ltr'><em>X</em></span> <span class='ocrx_word' id='word_1_360' title='bbox 1817 4503 1883 4547; x_wconf 78' lang='lat'><strong>23</strong></span> <span class='ocrx_word' id='word_1_361' title='bbox 1923 4496 1994 4549; x_wconf 92' lang='lat' dir='ltr'><strong>ob</strong></span> <span class='ocrx_word' id='word_1_362' title='bbox 2024 4496 2082 4548; x_wconf 88' lang='lat' dir='ltr'><strong>id</strong></span> <span class='ocrx_word' id='word_1_363' title='bbox 2114 4495 2305 4549; x_wconf 86' lang='lat' dir='ltr'><strong>inedia</strong></span> <span class='ocrx_word' id='word_1_364' title='bbox 2333 4496 2412 4549; x_wconf 80' lang='lat' dir='ltr'><strong>ed.</strong></span> <span class='ocrx_word' id='word_1_365' title='bbox 2445 4496 2660 4548; x_wconf 72' lang='lat' dir='ltr'><strong>Bonon.</strong></span> <span class='ocrx_word' id='word_1_366' title='bbox 2702 4512 2751 4549; x_wconf 88' lang='grc' dir='ltr'><strong>α.</strong></span> <span class='ocrx_word' id='word_1_367' title='bbox 2777 4500 2944 4562; x_wconf 75' lang='grc'><strong>1488,</strong></span> 
     </span>
     <span class='ocr_line' id='line_1_41' title="bbox 648 4576 1095 4630; baseline -0.002 -1"><span class='ocrx_word' id='word_1_368' title='bbox 648 4577 718 4629; x_wconf 94' lang='lat' dir='ltr'><strong>ob</strong></span> <span class='ocrx_word' id='word_1_369' title='bbox 762 4576 1007 4630; x_wconf 84' lang='lat' dir='ltr'><strong>inediam</strong></span> <span class='ocrx_word' id='word_1_370' title='bbox 1044 4578 1095 4628; x_wconf 78' lang='grc' dir='ltr'><strong>,Ω</strong></span> 
     </span>
    </p>
   </div>
   <div class='ocr_carea' id='block_1_7' title="bbox 3245 1238 3251 2219">
    <p class='ocr_par' dir='ltr' id='par_1_10' title="bbox 3245 1238 3251 2219">
     <span class='ocr_line' id='line_1_42' title="bbox 3245 1238 3251 2219; baseline 0 0"><span class='ocrx_word' id='word_1_371' title='bbox 3245 1238 3251 2219; x_wconf 95' lang='lat' dir='ltr'><strong> </strong></span> 
     </span>
    </p>
   </div>
  </div>
 </body>
</html>
