3259 5209
1062 429 1119 486 C.
1159 429 1519 486 CALIGVLA
1561 441 1690 491 [car.
1724 441 1898 492 11—15]
2475 429 2598 494 169

304 597 643 662 hominum
700 617 929 681 genus,
986 595 1125 672 uoti
1184 599 1546 680 compotem
1602 593 1784 677 fecit,
1848 593 2373 678 exoptatissimus
2427 594 2600 678 prin-

306 725 458 787 ceps
506 703 821 766 maximae
866 703 1037 787 parti
1084 702 1577 786 prouincialium
1620 721 1694 764 ac
1729 700 2032 784 militum,
2077 700 2248 784 quod
2287 699 2604 765 infantem

304 810 597 896 plerique
644 812 1101 895 cognouerant,
1146 807 1255 873 sed
1302 812 1366 873 et
1411 809 1749 875 uniuersae
1795 807 1970 892 plebi
2015 807 2296 872 urbanae
2344 806 2426 872 ob
2473 829 2603 870 me-

306 918 579 982 moriam
629 913 989 982 Germanici
1034 917 1238 1001 patris
1284 915 1892 998 miserationemque
1937 937 2140 999 prope
2177 913 2456 980 afflictae
2496 913 2604 978 do-

250 1055 275 1092 5
306 1047 470 1090 mus.
544 1025 763 1108 itaque
817 1027 894 1087 ut
940 1045 977 1088 a
1020 1022 1269 1088 Miseno
1324 1023 1534 1088 mouit
1580 1022 1876 1105 quamuis
1931 1021 2216 1107 lugentis
2263 1020 2492 1085 habitu
2540 1025 2606 1086 et

306 1133 503 1196 funus
550 1129 765 1196 Tiberi
822 1151 1216 1215 prosequens
1226 1181 1243 1213 ,
1298 1133 1513 1194 tamen
1569 1130 1738 1193 inter
1783 1127 2010 1192 altaria
2057 1131 2119 1193 et
2166 1129 2464 1193 uictimas
2510 1150 2604 1192 ar-

310 1238 648 1321 dentisque
703 1238 921 1303 taedas
980 1237 1357 1302 densissimo
1416 1239 1481 1300 et
1540 1235 1892 1300 laetissimo
1951 1234 2292 1300 obuiorum
2349 1236 2604 1318 agmine

310 1346 602 1425 incessit,
662 1365 853 1429 super
908 1342 1125 1406 fausta
1183 1343 1443 1407 nomina
1504 1342 1682 1408 sidus
1730 1346 1795 1406 et
1839 1340 2090 1426 pullum
2135 1344 2200 1405 et
2247 1363 2494 1425 pupum
2541 1345 2606 1404 et

313 1451 645 1515 alumnum
700 1449 1190 1535 appellantium3
1246 1450 1664 1534 ingressoque
1719 1449 1972 1532 urbem,
2023 1448 2242 1512 statim
2290 1468 2604 1514 consensu
2623 1443 2712 1510 14

224 1587 283 1626 ιο
315 1563 577 1622 senatus
624 1561 687 1622 et
734 1557 1146 1641 irrumpentis
1194 1556 1263 1620 in
1309 1555 1549 1620 curiam
1598 1553 1843 1639 turbae,
1887 1556 2082 1619 inrita
2119 1553 2334 1619 Tiberi
2381 1555 2608 1619 uolun-

311 1669 465 1748 tate,
515 1665 623 1748 qui
670 1667 1057 1728 testamento
1106 1662 1379 1728 alterum
1426 1666 1728 1746 nepotem
1767 1685 1954 1727 suum
1992 1665 2466 1746 praetextatum
2504 1661 2608 1725 ad-

314 1773 441 1835 huc
490 1770 860 1836 coheredem
917 1771 975 1834 ei
1033 1769 1317 1853 dederat,
1370 1771 1471 1834 ius
1529 1769 1995 1853 arbitriumque
2050 1769 2339 1836 omnium
2393 1791 2608 1834 rerum

314 1879 413 1943 illi
468 1879 849 1962 permissum
906 1881 1006 1942 est
1058 1880 1242 1941 tanta
1285 1876 1550 1961 publica
1594 1877 1869 1960 laetitia,
1923 1881 1997 1940 ut
2043 1876 2248 1941 tribus
2295 1877 2607 1960 proximis

322 1985 645 2050 mensibus
692 2005 767 2049 ac
820 2005 903 2048 ne
958 1983 1115 2048 totis
1172 1983 1429 2067 quidem
1480 2005 1676 2067 supra
1735 1987 1988 2048 centum
2047 1983 2382 2068 sexaginta
2429 1975 2610 2046 milia

230 2118 287 2159 ιε.
316 2093 727 2157 uictimarum
774 2111 957 2156 caesa
1000 2090 1371 2156 tradantur.=

499 2195 659 2262 Cum
727 2198 955 2263 deinde
1017 2220 1258 2282 paucos
1312 2201 1463 2282 post
1516 2197 1652 2262 dies
1714 2198 1780 2261 in
1837 2198 2167 2282 proximas
2225 2195 2610 2280 Campaniae
2648 2210 2680 2258 2

318 2303 563 2370 insulas
623 2305 1002 2387 traiecisset,
1062 2309 1217 2370 uota
1274 2327 1392 2390 pro
1449 2305 1661 2370 reditu
1717 2307 2014 2389 suscepta
2067 2309 2245 2379 sunt,
2299 2323 2380 2368 ne
2427 2303 2612 2367 mini-

318 2435 489 2476 mam
541 2412 799 2496 quidem
856 2411 1257 2477 occasionem
1312 2435 1639 2496 quoquam
1696 2413 2033 2477 omittente
2089 2411 2156 2476 in
2211 2411 2615 2475 testificanda

321 2519 752 2584 sollicitudine
812 2524 877 2583 et
936 2541 1087 2584 cura
1146 2517 1225 2584 de
1282 2519 1726 2586 incolumitate
1787 2519 1941 2582 eius.
2033 2523 2108 2582 ut
2165 2541 2320 2582 uero
2383 2518 2451 2582 in
2510 2517 2614 2582 ad-

237 2650 295 2690 20
322 2648 575 2690 uersam
622 2625 1043 2690 ualitudinem
1084 2625 1329 2708 incidit,
1374 2624 1904 2710 pernoctantibus
1943 2625 2190 2691 cunctis
2229 2625 2397 2689 circa
2433 2623 2615 2688 Pala-

322 2734 513 2816 tium,
577 2754 707 2798 non
764 2732 1103 2798 defuerunt
1158 2733 1269 2816 qui
1326 2733 1806 2818 depugnaturos
1863 2754 1931 2796 se
1987 2733 2180 2796 armis
2235 2753 2353 2816 pro
2411 2733 2616 2796 salute

322 2841 497 2926 aegri
554 2841 793 2924 quique
848 2840 1061 2924 capita
1115 2861 1231 2904 sua
1284 2839 1477 2904 titulo
1533 2841 1871 2924 proposito
1929 2843 2256 2904 uouerent.
2350 2838 2616 2902 accessit
2654 2851 2686 2898 3

324 2948 403 3011 ad
468 2947 849 3011 immensum
920 2947 1155 3011 ciuium
1222 2968 1507 3011 amorem
1576 2945 1884 3012 notabilis
1949 2947 2140 3010 etiam
2207 2949 2617 3011 externorum

324 3055 527 3118 fauor.
606 3075 883 3138 namque
921 3053 1290 3118 Artabanus
1326 3052 1714 3118 Parthorum
1753 3075 1886 3137 rex,
1924 3052 2140 3117 odium
2183 3073 2434 3136 semper
2473 3073 2618 3116 con-

242 3183 297 3223 25
326 3166 774 3246 temptumque
839 3159 1057 3225 Tiberi
1125 3183 1277 3245 prae
1342 3183 1409 3224 se
1470 3160 1709 3238 serem,
1773 3160 2124 3224 amicitiam
2187 3157 2380 3222 huius
2443 3157 2616 3222 ultro

326 3269 517 3352 petiit
584 3267 897 3350 uenitque
970 3267 1049 3330 ad
1113 3267 1505 3350 colloquium
1576 3267 1776 3351 legati
1850 3265 2203 3332 consularis
2278 3271 2343 3328 et
2413 3269 2618 3328 trans-

328 3395 583 3459 gressus
640 3373 1015 3458 Euphraten
1080 3372 1331 3457 aquilas
1405 3377 1469 3439 et
1543 3374 1730 3458 signa
1793 3373 2086 3438 Romana
2151 3370 2620 3455 Caesarumque

328 3482 641 3566 imagines
688 3481 999 3546 adorauit.

508 3585 895 3653 Incendebat
949 3593 1014 3652 et
1068 3589 1205 3673 ipse
1262 3589 1475 3654 studia
1517 3588 1856 3654 hominum
1906 3591 2083 3655 omni
2139 3611 2370 3675 genere
2415 3578 2726 3674 popu-15

248 3717 301 3758 ao
337 3695 627 3761 laritatis.
710 3693 968 3761 Tiberio
1018 3717 1159 3760 cum
1209 3696 1503 3778 plurimis
1540 3694 1822 3760 lacrimis
1867 3718 1985 3780 pro
2025 3697 2321 3761 contione
2358 3695 2618 3761 laudato

332 3803 757 3885 fimeratoque
803 3803 1220 3888 amplissime,
1267 3804 1604 3867 confestim
1642 3801 2088 3867 Pandateriam
2137 3808 2201 3867 et
2237 3801 2502 3867 Pontias
2541 3803 2620 3866 ad

330 3907 803 3974 transferendos
859 3910 1083 3974 matris
1138 3909 1481 3993 fratrisque
1537 3910 1781 3973 cineres
1828 3909 2186 3989 festinauit‚
2241 3912 2622 3994 tempestate

334 4082 745 4137 adulescentuli
783 4099 909 4152 spe;
946 4087 1066 4138 tum
1106 4085 1241 4152 quia
1267 4087 1433 4138 natus
1471 4085 1529 4136 in
1570 4085 1816 4137 exercitu
1859 4127 1898 4137 ..
1923 4127 1934 4138 .
1974 4083 2292 4153 legionibus
2333 4101 2491 4136 carus
2531 4101 2622 4137 ac-

334 4167 643 4233 ceptusque
687 4163 1005 4218 habebatur
1050 4165 1226 4234 (Epit.
1259 4169 1311 4232 3,
1332 4170 1366 4218 3
1413 4167 1543 4218 ante
1590 4163 1972 4233 principatum
2019 4164 2276 4218 omnibus
2324 4180 2485 4216 carus
2534 4179 2622 4217 ac-

334 4247 642 4313 ceptusque
676 4243 823 4312 fuit).

482 4412 508 4458 1
542 4409 827 4474 compotes
851 4405 902 4459 G
1012 4410 1041 4457 2
1073 4404 1169 4472 qui
1190 4407 1309 4464 Π”ς
1414 4411 1439 4457 7
1462 4404 1774 4458 lentissimo
1797 4405 1908 4464 1³¹3
1926 4405 2198 4474 (Bentley)
2301 4409 2330 4455 8
2365 4404 2514 4458 ‘sunt
2533 4405 2628 4472 qui

336 4485 525 4548 omina
546 4486 827 4556 leyen-dum
846 4485 1063 4554 putent’
1096 4487 1245 4539 Torr.
1270 4485 1550 4554 (Gronov.)
1647 4490 1712 4537 10
1741 4484 1800 4537 in
1829 4484 1988 4537 irrita
2012 4487 2097 4549 M,
2117 4484 2278 4537 irrita
2298 4485 2389 4537 rel.
2485 4489 2551 4535 25
2569 4499 2627 4537 se

335 4583 435 4620 om.
472 4565 671 4635 GH¹Q
798 4565 917 4618 eius
956 4569 1013 4618 X
1134 4571 1197 4618 27
1236 4565 1453 4619 romani
1486 4567 1571 4632 M,
1607 4565 1820 4618 Romae
1853 4566 2082 4634 Bentley
2210 4569 2270 4616 31
2313 4564 2636 4632 pontiosM
