3259 5209
594 423 724 488 238
1263 425 1319 479 C.
1361 426 1675 480 SVETONI
1714 427 2162 492 TRANQVILLI

524 602 555 649 3
771 585 1066 651 Instituit
1104 594 1168 652 et
1197 590 1673 672 quinquennale
1704 595 2024 656 certamen
2054 591 2303 674 primus
2332 589 2621 654 omnium
2654 589 2901 654 Romae

593 714 769 757 more
819 692 1061 760 Graeco
1110 696 1364 779 triplex,
1411 697 1731 760 musicum
1778 698 2151 782 gymnicum
2202 702 2522 780 equestre,
2570 698 2743 780 quod
2790 720 2897 780 ap-

594 801 863 884 pellauit
907 801 972 865 N
974 803 1219 886 cronia3
1277 803 1719 886 dedicatisque
1772 803 2043 867 thermis
2091 807 2283 886 atque
2330 804 2669 887 gymnasio
2720 825 2899 866 sena-

593 907 690 970 tui
723 929 978 991 quoque
1009 913 1073 971 et
1111 909 1312 992 equiti
1355 910 1566 974 oleum
1604 909 1919 994 praebuit.
1996 912 2341 996 magistros
2380 916 2519 974 toto
2560 910 2897 974 certamini

593 1014 966 1098 praeposuit
1005 1016 1373 1078 consulares
1411 1021 1604 1098 sorte,
1654 1016 1800 1080 sede
1840 1021 2228 1100 praetorum.
2304 1017 2532 1081 deinde
2572 1017 2637 1081 in
2677 1016 2896 1080 orche-
2962 1041 2993 1080 s

599 1125 796 1184 stram
847 1127 1268 1204 senatumque
1315 1121 1642 1186 descendit
1689 1126 1753 1186 et
1801 1123 2111 1188 orationis
2160 1123 2417 1206 quidem
2466 1124 2897 1206 carminisque

597 1227 813 1292 Latini
874 1249 1205 1313 coronam,
1265 1227 1343 1291 de
1400 1251 1526 1310 qua
1580 1227 2077 1294 honestissimus
2134 1230 2408 1313 quisque
2463 1230 2899 1310 contenderat,

597 1334 884 1417 ipsorum
945 1356 1260 1399 consensu
1319 1356 1685 1399 concessam
1744 1335 1867 1400 sibi
1924 1337 2197 1420 recepit,
2254 1336 2539 1401 citharae
2595 1341 2807 1400 autem
2858 1357 2899 1400 a

594 1440 916 1506 iudicibus
963 1442 1044 1504 ad
1092 1465 1159 1506 se
1207 1441 1482 1505 delatam
1521 1443 1817 1506 adorauit
1854 1443 2137 1526 ferrique
2175 1444 2254 1507 ad
2292 1443 2575 1528 Augusti
2615 1448 2893 1507 statuam

522 1563 553 1608 4
598 1548 801 1613 iussit.
906 1549 1236 1633 gymnico,
1307 1549 1480 1632 quod
1545 1550 1612 1612 in
1680 1547 1934 1633 Saeptis
2004 1550 2259 1634 edebat,
2323 1550 2493 1613 inter
2552 1549 2895 1632 buthysiae
2932 1575 2997 1614 ιο

593 1657 970 1737 apparatum
1039 1654 1300 1718 barbam
1363 1657 1640 1738 primam
1710 1658 1930 1739 posuit
1990 1656 2445 1740 conditamque
2508 1658 2577 1720 in
2637 1677 2895 1734 auream

593 1760 896 1844 pyxidem
934 1766 998 1824 et
1036 1761 1525 1844 pretiosissimis
1564 1763 1932 1848 margaritis
1972 1762 2348 1826 adornatam
2386 1761 2708 1846 Capitolio
2748 1784 2895 1826 con·

593 1868 883 1932 secrauit.
977 1868 1057 1930 ad
1126 1866 1512 1931 athletarum
1579 1868 2011 1951 spectaculum
2090 1871 2397 1934 inuitauit
2472 1875 2539 1934 et
2610 1870 2895 1954 uirgines

592 1973 901 2056 VestaleS,
950 1974 1102 2058 quia
1147 1972 1486 2058 Olympiae
1534 1997 1792 2057 quoque
1832 1975 2081 2040 Cereris
2120 1975 2563 2041 sacerdotibus
2602 1981 2897 2060 spectare

593 2081 980 2146 conceditur.
2930 2107 2993 2147 ιε,

490 2182 577 2248 13
772 2187 922 2252 Non
961 2187 1282 2252 immerito
1321 2189 1490 2252 inter
1529 2189 1891 2271 spectacula
1926 2187 2006 2251 ab
2054 2211 2129 2252 eo
2170 2188 2341 2252 edita
2380 2193 2445 2252 et
2481 2189 2787 2253 Tiridatis
2828 2191 2895 2253 in

593 2296 816 2358 urbem
856 2295 1194 2358 introitum
1231 2295 1693 2376 ret<t>ulerim.
1770 2317 1959 2378 quem
1998 2295 2343 2359 Armeniae
2380 2317 2598 2381 regem
2639 2297 2895 2379 magnis

591 2400 1168 2484 pollicitationibus
1217 2400 1663 2484 sollicitatum,
1720 2421 1863 2465 cum
1913 2402 2233 2466 destinato
2292 2424 2407 2484 per
2462 2401 2737 2466 edictum
2790 2401 2895 2466 die

593 2511 967 2570 ostensurus
1015 2505 1256 2590 populo
1304 2513 1566 2591 propter
1619 2507 1914 2570 nubilum
1966 2507 2349 2589 distulisset,
2405 2508 2716 2591 produxit
2764 2530 2895 2590 quo

592 2613 1091 2697 oportunissime
1137 2614 1376 2696 potuit,
1436 2613 1767 2697 dispositis
1824 2615 1992 2678 circa
2038 2614 2164 2680 fori
2200 2616 2441 2698 templa
2488 2614 2750 2678 armatis
2792 2637 2891 2679 co·
2930 2640 2995 2680 ιο

589 2720 916 2802 hortibus,
982 2720 1188 2783 curuli
1251 2719 1537 2784 residens
1613 2720 1783 2804 apud
1848 2725 2057 2785 rostra
2131 2719 2591 2805 triumphantis
2664 2721 2894 2784 habitu

521 2841 551 2886 2
593 2828 760 2892 inter
814 2828 1002 2912 signa
1061 2827 1367 2890 militaria
1423 2832 1614 2910 atque
1671 2829 1925 2892 uexilla.
2020 2833 2083 2892 et
2138 2829 2349 2912 primo
2406 2837 2521 2911 per
2576 2829 2895 2892 deuexum

590 2935 914 3019 pulpitum
973 2934 1355 2997 subeuntem
1413 2935 1675 2998 admisit
1730 2934 1809 2998 ad
1864 2956 2075 3020 genua
2121 2933 2617 3018 adleuatumque
2664 2934 2897 2997 dextra

590 3040 998 3105 exosculatus
1062 3044 1188 3123 est,
1249 3041 1396 3104 dein
1453 3042 1745 3124 precanti
1798 3041 2089 3126 tiara[m]
2148 3041 2542 3125 deducta[m]
2598 3041 2895 3106 diadema

588 3147 901 3230 inposuit,
965 3148 1162 3211 uerba
1225 3148 1534 3232 supplicis
1601 3148 2022 3231 interpretata
2081 3150 2403 3232 praetorio
2460 3150 2599 3212 uiro
2658 3148 2875 3212 multi-
2920 3171 2985 3212 85

589 3254 798 3318 tudini
853 3256 1340 3338 pronuntiante3
1395 3255 1778 3338 perductum
1836 3255 1982 3318 inde
2039 3256 2104 3318 in
2162 3255 2483 3318 theatrum
2542 3276 2618 3319 ac
2672 3277 2892 3319 rursus

589 3361 1056 3444 supplicantem
1109 3362 1290 3424 iuxta
1336 3383 1402 3424 se
1451 3362 1649 3425 latere
1698 3362 1923 3424 dextro
1974 3361 2355 3426 conlocauit.
2440 3362 2522 3426 ob
2562 3383 2723 3444 quae
2774 3363 2892 3426 im·

732 3610 761 3655 3
801 3605 870 3669 cf.
905 3606 1138 3674 Eutrop.
1175 3607 1293 3658 VII
1319 3611 1462 3670 15‚2
1500 3607 1825 3660 aedificauit
1860 3607 2072 3662 Romae
2108 3608 2379 3674 thermas,
2427 3623 2571 3676 quae
2611 3609 2739 3660 ante
2778 3605 2891 3660 Ne-

585 3684 852 3737 ronianae
884 3685 1068 3737 dictae
1101 3702 1247 3738 nunc
1271 3685 1718 3740 Alexandrianae
1742 3686 2102 3756 appellantur
2131 3689 2687 3756 (Lampr.Ale.1-.Sev.
2710 3691 2887 3750 25,3··.

590 3765 744 3832 Epit.
777 3771 826 3829 5,
849 3768 882 3816 3
922 3764 1149 3817 lauacra
1188 3766 1511 3819 construxit.

731 3992 760 4039 3
799 3971 1058 4040 neroniat
1082 3987 1132 4040 G
1251 3996 1282 4039 4
1313 3991 1432 4040 toto
1453 3992 1523 4050 Ω,
1553 3989 1659 4041 toti
1692 4007 1723 4048 ς
1753 3991 1961 4059 (uuly.),
2000 4008 2074 4043 cm
2106 3993 2225 4044 toto
2256 3989 2601 4044 certamine?
2711 3995 2742 4042 ὅ
2775 4007 2889 4043 sor·

585 4071 670 4120 tes
709 4067 1038 4135 edeptorum
1079 4070 1248 4134 (sorte
1285 4085 1369 4120 re·
1404 4069 1466 4138 Q)
1495 4071 1554 4134 T,
1605 4072 1753 4122 sorte
1792 4069 2122 4122 selectorum
2164 4091 2217 4136 ρ,
2268 4073 2416 4123 sorte
2456 4070 2653 4123 ductos
2692 4069 2791 4123 sed
2830 4075 2891 4124 et

585 4147 895 4216 praetorios
926 4148 1158 4216 Bentley
1187 4149 1300 4211 (sed
1342 4150 1399 4201 et
1427 4151 1734 4217 praetorios
1757 4152 2079 4217 praeiuerat
2106 4150 2439 4217 Stephanum
2480 4167 2525 4204 c.
2557 4153 2701 4215 octe,
2730 4151 2889 4202 sede-

585 4229 693 4282 cim
732 4227 1041 4297 praetorios
1085 4229 1438 4297 Cornelissen)
1565 4237 1596 4278 8
1638 4230 1927 4296 cytharam
1958 4231 1999 4283 S
2122 4236 2181 4281 11
2224 4229 2465 4298 primum
2498 4231 2569 4284 Μ
2578 4231 2593 4260 ¹
2718 4247 2889 4283 aurea

585 4309 775 4377 pixide
815 4309 879 4360 H
1062 4315 1124 4360 12
1166 4311 1223 4361 et
1260 4310 1360 4362 del.
1391 4310 1622 4378 Bentley
1804 4309 2111 4377 capitolino
2143 4310 2251 4362 LP
2286 4310 2425 4378 (Ioui
2464 4309 2596 4379 Cap.
2635 4312 2891 4380 casaub.)

587 4397 652 4442 14
692 4388 954 4456 Olympia
992 4389 1224 4442 Casaub.
1374 4393 1436 4442 19
1478 4388 1775 4442 detulisset
1813 4388 2110 4458 eproduxit
2142 4391 2212 4442 M
2250 4391 2337 4454 (de
2375 4407 2511 4446 corr.
2554 4394 2609 4443 in
2650 4390 2737 4443 dis
2772 4391 2841 4442 M
2848 4389 2889 4458 ³)

585 4475 651 4522 :23
693 4469 922 4520 dextera
955 4469 1005 4522 G
1153 4475 1218 4520 24
1259 4469 1461 4522 deinde
1499 4471 1548 4522 Τ
1545 4473 1578 4523 δ’
1707 4469 1853 4522 tiara
1892 4470 2135 4522 deducta
2175 4487 2206 4528 ς
2247 4471 2615 4538 (Beroaldus),
2646 4470 2885 4524 diariam

585 4551 882 4602 deductam
915 4551 964 4599 Ω
1140 4555 1205 4601 25
1239 4551 1294 4601 et
1333 4556 1457 4602 ante
1487 4550 1767 4617 praetorio
1799 4549 1925 4603 add.
1964 4551 2013 4604 G
