3259 5209
616 458 701 522 28
1322 458 1377 513 6.
1418 458 1733 513 SVETONI
1770 459 2216 525 TRANQWLLI

616 621 781 685 dam
857 643 1008 686 rem
1090 621 1480 705 publicam
1559 622 1899 688 sobrium
1983 624 2422 690 accessisse.
2509 644 2672 689 ’116111
2747 626 2916 689 61166

614 728 863 793 1116111111
920 725 1115 794 Gaius
1173 727 1421 813 Oppius
1478 727 1636 794 adeo
1684 728 2155 795 indifferentem
2201 730 2413 810 docet,
2469 732 2542 795 ut
2590 730 2916 814 quondam

615 835 697 899 ab
756 835 1015 919 hospite
1075 836 1407 900 conditum
1464 837 1676 900 oleum
1732 858 1850 920 pro
1905 835 2101 899 uiridi
2157 837 2523 920 adpositum
2575 858 2916 921 aspernan-

615 941 791 1005 tibus
838 941 1065 1006 ceteris
1111 941 1323 1007 solum
1372 943 1565 1006 etiam
1612 942 1856 1028 largius
1903 944 2227 1027 appetisse
2273 944 2527 1026 scribat,
2572 964 2654 1007 ne
2700 943 2916 1026 hospi-

614 1052 747 1112 tem
802 1052 914 1111 aut
966 1047 1411 1134 neglegentiae
1468 1054 1578 1113 aut
1632 1049 2015 1113 rusticitatis
2072 1048 2398 1113 uideretur
2445 1071 2724 1135 arguere.
2808 1051 2915 1114 ab·
2981 1075 3010 1116 11

615 1155 985 1219 stinentiam
1044 1176 1253 1238 neque
1308 1156 1377 1219 in
1438 1155 1727 1239 imperiis
1796 1177 2003 1239 neque
2069 1156 2137 1221 in
2195 1156 2677 1241 magistratibus
2736 1179 2918 1241 prae-

511 1256 605 1322 54
622 1261 804 1325 stitit.
888 1266 961 1325 ut
1008 1262 1179 1325 enim
1229 1261 1489 1346 quidam
1536 1265 1970 1327 monumentis
2027 1264 2158 1327 suis
2205 1264 2424 1328 testati
2471 1268 2642 1347 sunt,
2687 1263 2754 1327 in
2803 1262 2918 1327 Hi-

617 1367 842 1453 spania
885 1390 1003 1452 pro
1044 1368 1306 1433 consule
1351 1373 1418 1433 et
1454 1391 1491 1432 a
1529 1368 1720 1434 sociis
1758 1370 2060 1452 pecunias
2099 1370 2343 1453 accepit
2379 1369 2809 1434 emendicatas
2847 1370 2918 1434 in

614 1472 925 1539 auxilium
974 1474 1137 1540 aeris
1186 1474 1377 1540 alieni
1426 1478 1491 1539 et
1536 1475 1992 1541 Lusitanorum
2041 1477 2352 1559 quaedam
2399 1474 2660 1559 oppida,
2717 1498 2916 1559 quan-

616 1602 811 1664 quam
865 1603 983 1646 nec
1042 1583 1359 1665 imperata
1412 1582 1842 1648 detrectarent
1900 1587 1964 1646 et
2023 1582 2391 1647 aduenienti
2454 1587 2674 1666 portas
2737 1588 2914 1668 pate·
2945 1608 3004 1648 ιο

544 1699 576 1747 2
616 1686 927 1770 facerent,
984 1687 1251 1770 diripuit
1302 1687 1646 1753 hostiliter.
1729 1690 1800 1753 in
1846 1686 2058 1754 Gallia
2102 1688 2254 1753 fana
2309 1688 2674 1772 templa-que
2722 1689 2914 1753 deum

615 1793 799 1857 donis
848 1793 1081 1858 referta
1128 1794 1455 1878 expilauit‚
1502 1794 1694 1859 urbes
1733 1795 1930 1859 diruit
1968 1796 2221 1879 saepius
2260 1795 2343 1860 ob
2380 1795 2680 1879 praedam
2719 1816 2912 1878 quam

616 1899 697 1963 ob
747 1900 1080 1985 delictum3
1128 1901 1295 1965 unde
1341 1901 1601 1985 factum,
1651 1904 1723 1965 ut
1770 1924 1924 1966 auro
1974 1902 2324 1967 abundaret
2368 1901 2702 1985 ternisque
2746 1900 2914 1966 mili-

614 2006 735 2070 bus
780 2029 1117 2071 nummum
1164 2008 1233 2071 in
1278 2006 1479 2072 libras
1525 2010 1918 2092 promercale
1965 2030 2078 2092 per
2115 2008 2368 2074 Italiam
2415 2008 2912 2092 prouinciasque

544 2124 576 2172 3
616 2111 1001 2177 diuenderet.
1084 2115 1151 2177 in
1197 2115 1406 2196 primo
1454 2115 1794 2179 consulatu
1839 2117 1964 2179 tria
2011 2116 2187 2180 milia
2233 2114 2445 2199 pondo
2486 2116 2623 2179 auri
2661 2114 2910 2179 furatus
2941 2140 2996 2179 1⁶

614 2240 648 2280 e
696 2216 1015 2302 Capitolio
1071 2220 1449 2284 tantundem
1506 2222 1784 2286 inaurati
1839 2223 2000 2287 aeris
2055 2224 2360 2306 reposuit.
2445 2222 2784 2286 societates
2838 2242 2912 2285 ac

615 2346 814 2409 regna
876 2328 1083 2408 pretio
1145 2326 1346 2410 dedit,
1406 2331 1479 2392 ut
1540 2330 1652 2411 qui
1709 2329 1824 2393 um'
1879 2327 2248 2393 Ptolemaeo
2304 2350 2505 2412 prope
2561 2350 2672 2393 sex
2731 2327 2914 2391 milia

613 2431 1005 2498 talentorum
1068 2454 1185 2497 suo
1248 2426 1658 2518 Pompeique⁸
1704 2435 1966 2500 nomine
2031 2436 2381 2499 abstulerit.
2468 2438 2698 2520 postea
2753 2456 2912 2497 uero

614 2538 1112 2604 euidentissimis
1157 2541 1398 2625 rapinis
1446 2562 1520 2605 ac
1566 2542 1895 2627 sacrilegis
1933 2546 1998 2606 et
2033 2564 2227 2606 onera
2263 2542 2578 2606 bellorum
2617 2539 2910 2605 ciuilium

614 2649 679 2709 et
724 2645 1201 2731 triumphorum
1250 2670 1322 2711 ac
1367 2669 1706 2712 munerum
1755 2648 2062 2713 sustinuit
2108 2648 2444 2731 impendia.
2939 2672 2995 2711 20

507 2744 598 2810 55
796 2750 1187 2838 Eloquentia
1240 2753 1631 2837 militarique
1685 2776 1754 2818 re
1806 2758 1918 2819 aut
1975 2756 2276 2837 aequauit
2329 2752 2914 2838 praestantissimo-

610 2882 756 2923 rum
797 2859 1071 2945 gloriam
1109 2863 1221 2924 aut
1259 2862 1549 2925 excessit.
1632 2864 1782 2944 post
1819 2862 2288 2927 accusationem
2327 2860 2698 2925 Dolabellae
2737 2858 2912 2923 haud

614 2966 806 3030 dubie
853 2966 1254 3051 principibus
1305 2967 1595 3051 patronis
1645 2968 2098 3032 adnumeratus
2143 2972 2258 3031 est.
2351 2973 2521 3033 certe
2559 2965 2782 3031 Cicero
2829 2963 2910 3029 ad

613 3071 889 3137 Brutum
938 3075 1147 3157 (261)
1204 3078 1487 3139 oratores
1546 3096 1925 3139 enumerans
1983 3080 2177 3160 negat
2230 3095 2297 3139 se
2351 3075 2598 3157 uidere,
2655 3072 2760 3138 cui
2806 3071 2908 3136 de-

611 3179 759 3242 beat
808 3177 1039 3243 Caesar
1087 3180 1333 3263 cedere,
1392 3181 1612 3263 aitque
1670 3203 1817 3245 eum
1873 3183 2250 3266 elegantem,
2307 3180 2705 3265 splendidam
2753 3200 2907 3261 quo·
2938 3202 2990 3243 25

613 3306 735 3367 que
800 3289 993 3368 atque
1058 3285 1250 3349 etiam
1315 3288 1725 3373 magnificam
1790 3292 1855 3351 et
1925 3310 2299 3374 generosam
2372 3288 2650 3371 quodam
2713 3286 2906 3350 modo

611 3392 924 3456 rationem
972 3392 1221 3456 dicendi
1268 3398 1511 3478 tenere3
1558 3398 1621 3457 et
1663 3392 1743 3456 ad
1784 3390 2151 3458 Cornelium
2190 3392 2509 3476 Nepotem
2545 3392 2759 3474 (epist.
2783 3394 2904 3473 fry.

541 3508 572 3554 2
612 3497 705 3561 II
729 3500 815 3579 4>
864 3498 940 3562 de
986 3499 1209 3563 eodem
1265 3500 1357 3563 ita
1412 3500 1695 3583 scripsit:
1753 3500 1977 3583 quid?
2034 3504 2415 3564 oratorem
2464 3521 2677 3582 quem
2727 3499 2907 3563 111116

612 3608 1034 3688 antepones
1082 3626 1367 3689 eorum,
1422 3608 1552 3690 qui
1597 3606 1800 3671 nihil
1848 3606 2058 3670 aliud
2114 3607 2477 3692 egerunt?
2524 3606 2694 3688 quis
2742 3626 2906 3669 sen-

611 3711 885 3775 tentiis
949 3716 1079 3775 aut
1142 3713 1448 3777 acutior
1520 3718 1650 3777 aut
1726 3713 2120 3777 crebrior?
2203 3713 2373 3797 quis
2439 3712 2701 3776 uerbis
2777 3716 2988 3775 autso

613 3818 959 3881 ornatior
1023 3822 1152 3883 aut
1218 3819 1695 3905 elegantior?
1772 3842 1973 3905 genus
2040 3819 2442 3903 eloquentiae
2508 3819 2660 3882 dum
2724 3822 2905 3882 taxat

753 4026 785 4072 4
838 4020 994 4074 dicat
1044 4021 1327 4090 appetisse
1379 4023 1500 4088 (om.
1556 4021 1787 4089 scribat>
1833 4023 1879 4073 ‘P
2019 4026 2051 4073 8
2104 4020 2434 4090 proconsule
2486 4022 2546 4087 V,
2606 4020 2906 4089 proconsul

613 4103 688 4155 Μ
697 4102 977 4168 GLP01,
1024 4118 1058 4153 a
1107 4113 1193 4166 (ac
1233 4104 1284 4169 ρ)
1332 4101 1662 4169 proconsule
1707 4099 1856 4154 T'O'
2028 4103 2085 4153 et
2123 4102 2178 4171 a]
2228 4117 2293 4154 ex
2337 4100 2387 4153 G
2571 4107 2635 4153 13
2674 4099 2904 4153 milibus

607 4180 835 4236 militib:
861 4184 935 4235 M
1068 4188 1131 4235 15
1154 4181 1436 4234 diuideret
1456 4182 1551 4240 Lg
1691 4186 1755 4233 19
1778 4197 1942 4234 onere
1964 4183 2081 4249 (ho-
2109 4183 2180 4250 T)
2205 4181 2462 4235 MGPO
2479 4183 2568 4235 Τὸ
2704 4186 2768 4234 21
2801 4181 2904 4233 1111-

608 4261 875 4329 litarique
904 4278 962 4314 re
994 4262 1223 4329 Lipsius
1252 4264 1306 4329 (ς
1320 4265 1380 4330 Ῥ),
1426 4261 1658 4313 militari
1689 4261 1957 4329 (mirabili
1987 4263 2075 4330 N)
2115 4276 2289 4328 quare
2329 4264 2522 4330 (quare
2551 4279 2651 4316 om.
2696 4262 2813 4329 Ges)
2833 4264 2903 4327 a,

606 4340 843 4395 militari
882 4358 1104 4409 quoque
1141 4358 1199 4394 re
1238 4358 1289 4407 ς,
1324 4340 1671 4406 militarique
1712 4344 1832 4393 arte
1863 4342 2132 4395 Heinsius
2278 4348 2343 4393 25
2384 4344 2554 4408 atque
2585 4346 2641 4394 X
2671 4344 2803 4409 (non
2831 4342 2904 4411 T)

611 4427 676 4473 26
715 4422 1000 4489 quondam
1046 4421 1489 4474 moderationem
1522 4422 1574 4474 G
1756 4426 1822 4473 28
1861 4438 2030 4488 quem
2065 4439 2200 4475 corr.
2241 4439 2307 4475 ex
2344 4422 2482 4488 quid
2530 4422 2697 4476 deleto
2733 4422 2904 4476 altero

608 4518 776 4569 quem
814 4501 893 4554 L²
1040 4504 1321 4555 oratorum
1368 4502 1500 4554 ΤΠ
1538 4502 1727 4568 (edd),
1785 4500 1919 4565 Quis
1968 4506 2155 4555 orator
2193 4507 2222 4554 ὂ
2261 4518 2426 4569 quem
2473 4502 2832 4569 t'nterpolauit
2869 4504 2904 4555 ὃ

610 4586 675 4633 29
715 4578 834 4651 qui]
874 4580 1010 4649 quid
1052 4582 1147 4635 M²
1292 4581 1438 4652 quis]
1480 4582 1577 4649 qui
1618 4583 1704 4648 M,
1741 4580 1880 4649 quid
1917 4582 1999 4648 8²,
2039 4599 2139 4635 om.
2179 4583 2262 4634 Πι
