3259 5209
677 432 804 496 100
1375 432 1431 487 0.
1472 430 1788 487 SVETONI
1823 430 2270 497 TRANQVTLLI

670 594 974 679 quiddam
1024 594 1226 659 diuini
1273 596 1545 681 uigoris,
1602 594 2078 681 gaudebatque,
2135 597 2189 660 si
2237 596 2349 680 qui
2396 595 2521 660 sibi
2567 597 2778 661 acrius
2825 617 2974 660 con-

667 702 876 767 tuenti
941 703 1124 785 quasi
1180 702 1261 766 ad
1314 702 1633 787 fulgorem
1694 702 1847 766 solis
1903 702 2156 766 uultum
2217 703 2674 786 summitteret3
2737 701 2850 767 sed
2906 704 2976 767 in

668 813 923 873 senecta
978 809 1237 873 sinistro
1278 798 1346 873 ’τη
1357 809 1501 873 inus
1547 809 1739 893 uidit3
1800 810 2021 873 dentes
2067 832 2247 874 raros
2294 813 2358 873 et
2414 810 2684 895 exiguos
2732 814 2798 873 et
2843 832 2976 874 sca-

668 915 846 998 bros3
894 914 1200 999 capillum
1246 916 1479 980 leuiter
1524 916 1830 980 inflexum
1881 919 1944 980 et
1991 916 2384 1000 subflauum3
2436 917 2778 999 supercilia
2825 938 2976 981 con-

669 1022 911 1107 iuncta3
972 1022 1325 1087 mediocres
1386 1044 1592 1107 aures;
1662 1045 1889 1087 nasum
1953 1028 2016 1087 et
2077 1046 2114 1087 a
2169 1045 2420 1088 summo
2483 1022 2974 1087 eminentiorem
3033 1050 3060 1087 ε»

670 1133 734 1193 et
780 1128 860 1193 ab
908 1130 1039 1193 imo
1088 1129 1551 1214 deductiorem3
1599 1130 1882 1194 colorem
1928 1129 2098 1194 inter
2143 1130 2430 1213 aquilum
2474 1129 2975 1213 candidumque:

667 1239 978 1300 staturam
1038 1236 1327 1319 breuem,
1376 1274 1459 1283 -—
1508 1258 1700 1319 quam
1761 1241 1976 1301 tamen
2037 1234 2242 1301 Iulius
2303 1236 2638 1301 Marathus
2697 1236 2974 1301 libertus

665 1342 898 1405 'setiam
960 1344 1337 1407 memoriam
1399 1343 1535 1407 eius
1606 1342 1892 1426 quinque
1951 1344 2186 1427 pedum
2249 1346 2313 1406 et
2378 1342 2707 1408 dodrantis
2769 1343 2974 1407 fuisse

665 1449 864 1512 tradit
899 1486 1006 1531 —-,
1054 1449 1163 1512 sed
1211 1471 1373 1531 quae
1421 1448 1879 1515 commoditate
1927 1455 1991 1513 et
2033 1450 2357 1534 aequitate
2394 1450 2830 1514 membrorum
2871 1472 2972 1514 oc-

666 1554 1012 1637 culeretur,
1068 1559 1141 1619 ut
1186 1578 1316 1620 non
1363 1557 1488 1620 nisi
1536 1579 1613 1621 ex
1663 1556 2142 1641 comparatione
2187 1558 2456 1622 astantis
2503 1557 2777 1621 alicuius
2824 1579 2974 1640 pro·
3007 1584 3061 1621 ιο

666 1662 929 1725 cerioris
977 1661 1267 1747 intellegi
1312 1667 1547 1746 posset.

560 1765 654 1832 80
848 1767 1130 1854 Corpore
1198 1768 1474 1833 traditur
1544 1769 1872 1834 maculoso
1934 1770 2239 1855 dispersis
2309 1792 2427 1855 per
2484 1776 2710 1855 pectus
2775 1773 2974 1853 atque

664 1876 883 1939 aluum
945 1876 1263 1961 genetiuis
1323 1876 1495 1939 notis
1558 1876 1625 1939 in
1685 1876 1946 1940 modum
2011 1882 2075 1941 et
2141 1878 2427 1942 ordinem
2492 1896 2566 1942 ac
2628 1898 2970 1941 numerum

665 1982 994 2047 stellarum
1054 1982 1343 2047 caelestis
1398 2004 1607 2061 ursae,
1665 1983 1776 2046 sed
1833 1986 1896 2046 et
1951 1984 2132 2047 callis
2189 1983 2572 2067 quibusdam
2629 2006 2708 2048 ex
2763 1984 2971 2067 pruri-

664 2090 813 2173 gine
870 2089 1157 2172 corporis
1216 2088 1612 2173 adsiduoque
1670 2092 1736 2155 et
1788 2091 2158 2155 uehementi
2213 2090 2485 2175 strigilis
2531 2113 2655 2155 usu
2700 2092 2970 2175 plurifa-
3005 2118 3056 2155 15

664 2196 823 2259 riam
874 2197 1187 2260 concretis
1243 2197 1323 2259 ad
1378 2196 1779 2281 impetiginis
1831 2198 2122 2261 formam.
2215 2198 2561 2263 coxendice
2605 2202 2672 2262 et
2724 2196 2972 2262 femore

666 2307 729 2365 et
776 2324 958 2366 crure
1006 2304 1265 2367 sinistro
1311 2326 1442 2367 non
1488 2304 1754 2387 perinde
1799 2303 2085 2388 ualebat,
2132 2308 2204 2367 ut
2253 2326 2442 2388 saepe
2487 2303 2681 2367 etiam
2729 2302 2970 2368 inclau-

664 2408 929 2493 dicaret3
987 2409 1097 2474 sed
1144 2409 1425 2473 remedio
1473 2410 1856 2475 harenarum
1915 2414 2108 2495 atque
2154 2410 2585 2475 harundinum
2632 2410 2968 2475 confirma-

662 2515 865 2579 batur.
942 2516 1201 2580 dextrae
1257 2538 1513 2600 quoque
1568 2538 1796 2580 manus
1852 2518 2126 2602 digitum
2187 2516 2530 2581 salutarem
2587 2520 2721 2580 tam
2767 2516 2967 2580 imbe-

663 2621 881 2686 cillum
921 2624 1241 2687 interdum
1282 2624 1614 2705 sentiebat,
1653 2628 1726 2687 ut
1766 2628 2129 2709 torpentem
2169 2628 2697 2706 contractumque
2727 2624 2967 2707 frigore
3001 2651 3056 2689 το

660 2730 771 2792 uix
821 2730 1036 2794 cornei
1083 2729 1306 2795 circuli
1355 2731 1804 2814 supplemento
1843 2731 2196 2814 scripturae
2235 2731 2624 2795 admoueret.
2700 2735 2965 2814 questus

661 2840 759 2899 est
820 2840 883 2900 et
944 2836 1020 2901 de
1080 2839 1320 2919 uesica,
1384 2840 1565 2903 ouius
1628 2837 1846 2901 dolore
1910 2838 2170 2901 calculis
2226 2837 2484 2901 demum
2539 2859 2656 2921 per
2711 2837 2960 2900 urinam

662 2942 881 3007 eiectis
927 2944 1283 3007 leuabatur.

557 3044 641 3111 81
842 3048 1081 3115 Graues
1129 3055 1193 3114 et
1237 3051 1630 3134 periculosas
1689 3049 2076 3115 ualitudines
2131 3073 2246 3134 per
2293 3072 2547 3114 omnem
2602 3050 2804 3114 uitam
2854 3051 2964 3113 ali-

661 3161 820 3239 quot
876 3162 1174 3241 expertus
1236 3162 1363 3241 est3
1423 3157 1766 3241 praecipue
1829 3154 2172 3221 Cantabria
2228 3157 2498 3239 domita,
2559 3178 2704 3221 cum
2766 3158 2962 3221 etiam
2993 3184 3050 3221 25

662 3263 1199 3327 destillationibus
1238 3264 1513 3327 iocinere
1551 3264 1783 3327 uitiato
1823 3264 1903 3327 ad
1933 3263 2440 3347 desperationem
2479 3262 2774 3328 redactus
2815 3286 2962 3328 con-

660 3369 921 3433 trariam
961 3374 1023 3433 et
1062 3371 1404 3453 ancipitem
1451 3371 1766 3434 rationem
1805 3370 2100 3434 medendi
2136 3369 2496 3435 necessario
2536 3370 2763 3435 subiit:
2811 3372 2962 3453 quia

802 3584 832 3631 9
874 3582 1152 3635 Einhard.
1182 3585 1258 3634 22
1304 3583 1494 3634 tamen
1541 3581 1680 3634 haec
1729 3583 2040 3634 ceterorum
2077 3580 2451 3634 membrorum
2491 3580 2717 3634 celabat
2753 3596 2961 3647 aequa-

657 3659 807 3713 litas.
958 3666 1018 3713 17
1060 3662 1192 3715 ibid.
1234 3662 1385 3729 quod
1417 3704 1425 3713 .
1452 3703 1496 3713 ..
1530 3661 1602 3713 ad
1643 3664 1948 3714 extremum
1989 3661 2161 3714 etiam
2200 3678 2310 3714 uno
2348 3660 2492 3730 pede
2532 3660 2894 3715 claudicaret.

803 3846 829 3893 1
862 3840 988 3907 quis
1008 3840 1305 3909 11¹QSTN
1407 3839 1648 3891 contuiti
1676 3843 1796 3907 (om.
1820 3839 2025 3896 acrius)
2052 3840 2098 3887 1*
2193 3844 2225 3890 4
2255 3838 2458 3891 leniter
2485 3856 2518 3897 ς
2628 3843 2659 3890 6
2689 3837 2762 3890 ab
2789 3837 2958 3891 inicio

663 3920 1024 3973 deductorem
1063 3921 1115 3973 V
1252 3924 1283 3971 8
1323 3919 1495 3972 etiam
1542 3918 1868 3972 memoriam
1911 3921 2032 3972 Mc}
2051 3921 2170 3979 VT,
2217 3920 2393 3972 etiam
2438 3918 2498 3971 in
2544 3916 2872 3971 memoriam
2909 3921 2968 3969 X

658 4001 869 4070 (enda),
906 3999 1083 4069 ipsius
1122 4000 1180 4052 in
1219 3999 1545 4051 memoriam
1586 4017 1647 4063 ς,
1685 4015 1784 4053 om.
1817 4020 1866 4066 ρ,
1905 4002 1962 4052 et
2000 4016 2032 4051 a
2071 3999 2340 4052 memoria
2379 3998 2610 4067 Lipsius
2646 3998 2863 4067 (Roth),
2900 3997 2959 4049 in

658 4080 927 4133 memoria
945 4080 1099 4133 uitae
1124 4080 1378 4144 Casaub„
1396 4082 1453 4133 et
1472 4080 1530 4131 in
1552 4078 1880 4132 memoriam
1901 4079 2168 4132 Biicheler
2278 4086 2308 4131 9
2339 4080 2420 4148 et]
2441 4094 2508 4131 ex
2531 4079 2583 4131 V
2675 4077 2866 4145 equite
2891 4078 2960 4141 G,

658 4158 1003 4227 aequalitate
1026 4160 1258 4215 Casa-uh.
1290 4177 1356 4213 ex
1385 4159 1681 4212 Einhardo
1828 4164 1894 4211 14
1934 4162 1991 4211 et
2019 4177 2118 4212 om.
2146 4160 2194 4211 G
2352 4166 2417 4210 15
2449 4156 2656 4227 strigili
2685 4155 2852 4227 (-guli
2885 4158 2958 4217 G)

664 4240 786 4293 ΜΘ
800 4241 863 4305 V,
892 4239 1087 4307 strigit
1109 4241 1160 4294 V
1180 4241 1243 4293 in
1270 4257 1441 4309 mary.
1565 4244 1629 4291 16
1663 4238 1987 4291 coxaindice
2018 4240 2126 4307 (uel
2156 4255 2294 4291 coxa
2323 4238 2530 4305 indice)
2562 4240 2632 4303 Ω,
2660 4254 2796 4291 corr.
2817 4253 2956 4289 saec.

659 4320 779 4373 ΧΓ
812 4320 911 4389 (ed.
944 4337 1108 4373 anon.
1150 4320 1225 4390 [α.
1260 4318 1492 4389 1472?].
1537 4320 1616 4372 ed.
1659 4336 1709 4371 α.
1744 4323 1890 4371 1480
1927 4320 2021 4385 al.)
2179 4322 2243 4371 17
2285 4318 2417 4371 inde
2456 4316 2805 4370 claudicaret
2835 4316 2958 4373 12³5

654 4401 772 4454 edd.
807 4402 987 4469 princ.
1028 4402 1237 4470 (nula),
1274 4398 1639 4465 ef.Einhard.
1791 4404 1855 4451 18
1893 4398 2224 4451 herenarum
2257 4399 2364 4468 HQ
2399 4405 2448 4452 et
2484 4399 2564 4451 sic
2593 4414 2698 4465 pro
2737 4412 2791 4449 u.
2823 4397 2856 4449 l.
2886 4413 2955 4449 ss.

655 4482 713 4533 iu
750 4482 819 4545 R,
856 4480 1203 4533 habenarum
1240 4481 1315 4533 D.
1342 4481 1423 4533 W.
1447 4480 1646 4533 Triller
1763 4484 1827 4530 21
1871 4478 2076 4531 circulo
2119 4478 2189 4531 M
2197 4479 2213 4509 ¹
2333 4484 2398 4531 24
2437 4476 2671 4544 aliquod
2703 4478 2776 4531 M
2781 4476 2816 4541 ¹,
2854 4475 2957 4528 ali-

655 4560 881 4627 quando
915 4559 1010 4613 M²
1154 4564 1221 4611 26
1261 4558 1739 4613 destillationibus
1785 4560 1954 4625 Torr.‚
1995 4558 2131 4611 dist·
2159 4562 2209 4611 ,Ω
