3259 5209
606 433 738 497 280
1309 435 1364 490 C.
1405 435 1720 490 SVETONI
1755 436 2201 502 TRANQVILLI

535 614 565 661 2
782 596 1152 683 Regebatur
1211 598 1406 663 trium
1469 598 1765 682 arbitrio,
1826 621 1989 684 quos
2048 623 2177 666 una
2232 604 2296 666 et
2356 602 2527 666 intra
2581 601 2902 668 Palatium

604 703 955 768 habitantis
1019 725 1136 769 nec
1199 727 1505 790 umquam
1569 727 1701 771 non
1766 706 2169 772 adhaerentis
2228 708 2641 795 paedagogos
2702 709 2903 794 uulgo

605 811 940 898 uocabant.
1025 811 1072 875 ii
1119 815 1300 876 erant
1345 811 1414 876 T.
1455 811 1686 878 Vinius
1732 815 1983 900 legatus
2029 815 2168 879 eius
2220 816 2286 878 in
2335 814 2679 899 Hispania,
2730 818 2904 900 cupi-

605 917 825 982 ditatis
862 919 1238 1002 immensae3
1277 917 1612 984 Cornelius
1642 919 1811 984 Laco
1850 943 1929 985 ex
1966 942 2288 986 assessore
2323 923 2689 1005 praefectus
2724 945 2905 1007 prae-

602 1025 772 1107 torii,
810 1027 1178 1111 arrogantia
1205 1026 1622 1110 socordiaque
1661 1027 2117 1112 intolerabilis3
2154 1028 2424 1093 libertus
2450 1027 2680 1112 Icelus,
2704 1030 2903 1113 paulo
2959 1057 2985 1096 5

603 1135 750 1195 ante
809 1133 1019 1195 anulis
1079 1133 1288 1197 aureis
1351 1137 1414 1197 et
1475 1131 1785 1199 Marciani
1857 1137 2240 1221 cognomine
2302 1141 2567 1200 ornatus
2632 1157 2709 1201 ac
2774 1137 2899 1200 iam

602 1259 888 1302 summae
952 1239 1265 1322 equestris
1329 1240 1564 1325 gradus
1629 1240 2021 1306 candidatus.
2104 1241 2205 1306 his
2266 1241 2523 1307 diuerso
2591 1243 2901 1306 uitiorum

601 1365 832 1429 genere
878 1345 1316 1431 grassantibus
1371 1345 1528 1410 adeo
1591 1369 1657 1412 se
1705 1347 2093 1412 abutendum
2154 1349 2449 1433 permisit
2494 1354 2559 1413 et
2620 1348 2903 1430 tradidit,

601 1456 675 1516 ut
719 1453 828 1515 uix
878 1452 1000 1517 sibi
1062 1453 1200 1536 ipse
1246 1457 1593 1535 constaret,
1649 1454 1842 1519 modo
1890 1455 2179 1520 acerbior
2236 1456 2646 1540 parciorqtie,
2706 1457 2901 1520 modo

599 1558 926 1623 remissior
989 1581 1064 1625 ac
1123 1559 1570 1644 neglegentior
1633 1582 1828 1643 quam
1905 1563 2276 1626 conueniret
2348 1562 2625 1647 principi
2694 1564 2899 1627 electo
2932 1590 2988 1630 ιο

600 1670 793 1749 atque
841 1666 1001 1730 illud
1047 1667 1295 1730 aetatis.
2705 1731 2711 1736 .

529 1787 560 1834 3
779 1771 1102 1848 Quosdam
1149 1773 1356 1837 claros
1402 1796 1480 1839 ex
1535 1779 1812 1858 utroque
1860 1775 2083 1839 ordine
2138 1776 2315 1840 uiros
2372 1776 2735 1859 suspicione
2784 1778 2901 1840 mi·

597 1881 774 1944 nima
838 1880 1158 1945 inauditos
1220 1881 1687 1946 condemnauit.
1782 1883 2077 1947 ciuitates
2135 1882 2212 1946 R.
2268 1903 2413 1946 raro
2481 1882 2684 1966 dedit,
2756 1883 2901 1946 iura

599 1987 795 2051 trium
854 1986 1203 2051 liberorum
1262 1988 1375 2050 uix
1434 1989 1548 2051 uni
1603 1992 1798 2072 atque
1858 1988 2045 2053 alteri
2107 2010 2183 2053 ac
2228 2010 2308 2053 ne
2365 1989 2419 2052 is
2467 1988 2727 2073 quidem
2772 1991 2898 2054 nisi

598 2093 676 2156 ad
716 2097 958 2158 certum
997 2093 1536 2177 praefinitumque
1571 2099 1845 2178 tempus.
1928 2095 2249 2160 iudicibus
2288 2100 2535 2159 sextam
2572 2095 2900 2161 decuriam
2930 2122 2983 2163 ιε

598 2199 763 2263 adici
826 2201 1236 2283 precantibus
1299 2222 1432 2265 non
1490 2201 1682 2265 modo
1747 2204 2040 2288 negauit,
2114 2202 2226 2266 sed
2294 2207 2359 2267 et
2424 2224 2796 2268 concessum
2862 2227 2902 2267 a

600 2305 866 2371 Claudio
914 2306 1321 2390 beneficium,
1377 2329 1457 2372 ne
1512 2306 1725 2372 hieme
1780 2309 2094 2392 initioque
2151 2309 2302 2374 anni
2360 2309 2439 2372 ad
2484 2307 2898 2374 iudicandum

496 2406 583 2474 15
603 2417 1047 2498 euocarentur‚
1103 2413 1356 2497 eripuit.
1441 2415 1930 2479 existimabatur
1982 2416 2177 2479 etiam
2234 2417 2555 2480 senatoria
2600 2419 2665 2480 et
2710 2436 2899 2499 eque·

598 2519 757 2582 stria
802 2518 1019 2584 officia
1062 2519 1281 2584 bienni
1329 2523 1536 2604 spatio
1577 2521 2112 2586 determinaturus
2150 2545 2269 2588 nec
2318 2522 2583 2586 daturus
2630 2523 2755 2586 nisi
2806 2525 2899 2586 in·

596 2625 749 2691 uitis
797 2648 869 2691 ac
915 2627 1374 2692 recusantibus.
1459 2627 1877 2692 liberalitates
1924 2627 2203 2693 Neronis
2256 2651 2388 2694 non
2433 2629 2581 2713 plus
2628 2629 2895 2694 decimis
2924 2655 2979 2695 2⁰

597 2735 912 2797 concessis
957 2755 1075 2818 per
1119 2735 1589 2819 quinquaginta
1635 2735 1883 2817 equites
1940 2735 2015 2798 R.
2054 2757 2128 2799 ea
2174 2735 2547 2800 condicione
2594 2757 2897 2801 reuocan-

597 2840 708 2904 das
768 2841 1019 2906 curauit
1080 2841 1577 2926 exigendasque‚
1640 2845 1713 2904 ut
1768 2847 1834 2905 et
1888 2841 1941 2904 si
1991 2842 2148 2925 quid.
2205 2843 2480 2906 scaenici
2540 2865 2617 2907 ac
2660 2843 2896 2928 xystici

597 2947 902 3012 donatum
942 2947 1096 3011 olim
1135 2947 1590 3030 uendidissent‚
1637 2947 1997 3012 auferretur
2033 2947 2453 3032 emptoribuS,
2502 2950 2758 3033 quando
2799 2951 2889 3014 illi

525 3065 556 3112 2
594 3055 803 3139 pretio
852 3054 1191 3138 absumpto
1247 3055 1496 3119 soluere
1550 3055 1908 3138 nequirent.
1994 3059 2062 3118 at
2112 3058 2335 3119 contra
2390 3055 2556 3136 nihil
2602 3077 2735 3122 non
2779 3079 2895 3140 per

595 3162 861 3226 comites
909 3165 1100 3245 atque
1145 3160 1412 3226 libertos
1459 3161 1669 3245 pretio
1718 3159 1928 3226 addici
1977 3167 2087 3225 aut
2136 3161 2361 3226 donari
2408 3163 2620 3248 gratia
2664 3185 2893 3246 passus
2923 3188 2975 3229 ιε

595 3273 718 3352 est,
764 3270 1108 3354 uectigalia
1161 3269 1624 3352 immunitates,
1684 3289 1923 3351 poenas
1979 3269 2419 3334 innocentium
2474 3268 2893 3352 impunitates

592 3378 950 3440 noxiorum.
1036 3376 1190 3459 quin
1239 3375 1431 3439 etiam
1477 3374 1721 3467 populo
1777 3374 1851 3438 R.
1892 3376 2271 3458 deposcente
2326 3375 2718 3459 supplicium
2765 3375 2895 3440 Ha—

593 3482 712 3545 loti
760 3486 824 3545 et
861 3482 1152 3566 Tigillini
1191 3480 1362 3545 solos
1401 3503 1479 3544 ex
1517 3481 1815 3546 omnibus
1852 3480 2133 3546 Neronis
2172 3483 2518 3546 emissariis
2554 3481 2661 3547 uel
2699 3483 2893 3547 male—

592 3588 1044 3653 ficentissimos
1084 3587 1436 3652 incolumes
1473 3588 1797 3672 praestitit
1844 3593 2037 3672 atque
2084 3589 2345 3673 insuper
2380 3587 2693 3654 Halotum
2744 3611 2891 3673 pro-

740 3822 765 3868 1
808 3817 963 3883 Epit.
1005 3821 1056 3882 6,
1085 3821 1122 3869 2
1159 3815 1328 3868 trium
1367 3815 1674 3869 amicorum
1714 3815 1976 3883 consilio,
2026 3817 2087 3869 id
2126 3819 2211 3870 est
2246 3815 2445 3870 Vinnii
2486 3819 2584 3884 (sic
2620 3817 2792 3882 codd„
2830 3827 2891 3870 at

592 3896 746 3949 Vinii
776 3897 1082 3966 Landolf.)‚
1122 3895 1361 3950 Cornelii
1400 3899 1459 3950 et
1493 3895 1625 3950 Iceli
1666 3899 1869 3951 cuncta
1898 3895 2216 3974 disponens,
2256 3896 2396 3951 adeo
2436 3900 2502 3952 ut
2537 3897 2689 3951 intra
2726 3896 2890 3951 Pala-

593 3977 742 4030 tinas
781 3976 946 4030 aedes
985 3975 1198 4045 pariter
1234 3975 1562 4030 habitarent
1599 3980 1658 4031 et
1695 3976 1867 4046 uulgo
1904 3977 2225 4048 paedagogi
2266 3977 2600 4031 dicerentur.

735 4179 766 4226 3
807 4173 992 4226 iunius
1028 4175 1088 4239 Τ,
1125 4171 1313 4224 lunius
1344 4173 1493 4226 PST
1517 4174 1603 4240 (cf.
1629 4175 1735 4226 Vit.
1762 4177 1812 4239 7,
1836 4175 1886 4241 1)
2062 4179 2093 4226 5
2132 4172 2510 4242 superbiaque
2548 4173 2889 4228 Cornelissen

593 4255 920 4324 (yenetiuum
939 4254 1155 4307 mauult
1179 4253 1426 4321 Bentley)
1529 4258 1556 4305 7
1580 4252 1785 4306 summi
1806 4270 1838 4312 ς
1860 4255 2138 4322 (Casaub.)
2244 4259 2309 4306 13
2332 4252 2625 4307 ciuitatem
2635 4255 2695 4307 11
2702 4253 2785 4324 Ὦ,
2816 4257 2885 4320 cf.

592 4335 821 4404 Auy.40
838 4353 891 4402 p.
906 4339 991 4397 75,
1008 4338 1072 4386 14
1177 4339 1241 4385 14
1263 4332 1310 4384 is
1333 4334 1418 4397 M,
1439 4331 1526 4386 his
1549 4331 1680 4402 (hiis
1701 4335 1768 4397 Τ)
1788 4335 1882 4387 rel.
1906 4335 2119 4404 (nuely),
2140 4334 2503 4400 cf.p.283,22
2594 4338 2662 4386 20
2681 4332 2889 4387 libera-

592 4411 771 4467 litatis
795 4416 868 4468 M
972 4420 1038 4466 22
1061 4414 1150 4484 ac]
1170 4415 1270 4466 aut
1289 4417 1380 4471 Πς
1401 4415 1591 4484 (uum,
1612 4414 1779 4482 Roth)
1889 4419 1958 4466 24
1987 4431 2097 4468 non
2118 4430 2218 4467 om.
2245 4413 2296 4466 G
2406 4418 2473 4467 26
2494 4411 2647 4467 adici
2667 4414 2817 4466 ΧΝδ

592 4492 733 4546 lucri
765 4501 890 4562 post
934 4494 1120 4564 gratia
1157 4495 1283 4547 add.
1319 4494 1369 4548 G
1551 4499 1618 4547 26
1658 4493 2037 4547 innocentium
2068 4495 2260 4559 HRN,
2309 4493 2631 4547 nocentium
2668 4493 2759 4546 rel.
2791 4495 2885 4561 (a)

592 4577 660 4626 27
699 4573 1035 4642 deposcente
1062 4573 1246 4644 HQN,
1287 4573 1613 4642 deposcenti
1650 4576 1745 4627 rel.
1778 4577 1869 4641 (Ω)
