3259 5209
625 457 756 520 230
821 457 876 511 C.
919 458 1231 512 SVETONI
1276 460 1720 525 TRANQVILLI
1759 458 1976 514 DIVvs
2016 457 2370 511 CLAVDIVS
2410 469 2535 516 [car.
2564 413 2633 510 41».
2662 469 2731 517 46]

623 619 889 704 relatus5
939 644 1126 704 quem
1177 622 1489 686 honorem
1538 647 1575 686 a
1612 623 1870 686 Nerone
1918 623 2300 685 destitutum
2339 621 2782 703 abolitumque
2831 643 2928 683 re-

516 723 792 809 460epit
839 749 990 791 mox
1036 751 1150 811 per
1180 728 1665 812 Vespasianum.
1748 730 2084 814 praesagia
2120 728 2347 791 mortis
2395 727 2532 790 eius
2577 728 2928 810 praecipua

622 833 908 897 fuerunt:
958 840 1218 898 exortus
1257 836 1523 900 crinitae
1553 835 1795 919 stellae,
1826 859 2017 919 quam
2048 838 2341 899 cometen
2370 838 2622 916 uocant,
2653 838 2929 897 tactum·

623 961 747 1023 que
794 939 872 1003 de
919 941 1093 1005 caelo
1134 949 1621 1007 monumentum
1664 943 1859 1007 Drusi
1906 943 2127 1027 patrie,
2176 946 2241 1005 et
2279 940 2451 1024 quod
2491 940 2714 1004 eodem
2754 963 2926 1003 anno

621 1069 701 1109 ex
759 1049 1044 1111 omnium
1102 1050 1597 1134 magistratuum
1656 1071 1885 1135 genere
1943 1048 2234 1132 plerique
2291 1051 2562 1112 mortem
2612 1047 2925 1110 obierant.
3002 1074 3037 1112 5

625 1154 734 1216 sed
797 1175 915 1218 neo
975 1155 1112 1237 ipse
1175 1155 1506 1240 ignorasse
1577 1160 1689 1219 aut
1752 1155 2191 1219 dissimulasse
2254 1153 2483 1218 ultima
2538 1155 2711 1217 uitae
2774 1175 2929 1216 suae

623 1265 915 1343 tempora
974 1262 1257 1344 uidetur,
1321 1262 1567 1346 aliquot
1628 1262 1888 1345 quidem
1956 1262 2368 1346 argumentis,
2451 1283 2601 1324 nam
2658 1265 2721 1323 et
2777 1281 2925 1323 cum

625 1367 921 1431 consules
962 1368 1343 1452 designaret,
1382 1371 1705 1433 neminem
1744 1369 1916 1433 ultra
1953 1390 2237 1431 mensem
2271 1389 2400 1451 quo
2432 1367 2596 1430 obiit
2634 1367 2929 1451 designa-

622 1474 744 1554 uit,
808 1477 871 1537 et
933 1475 999 1539 in
1060 1481 1312 1559 senatu,
1374 1476 1476 1540 cui
1530 1477 1884 1539 nouissime
1941 1475 2260 1556 interfuit,
2316 1474 2594 1538 multum
2651 1474 2730 1536 ad
2778 1496 2930 1536 con-

625 1581 904 1645 cordiam
953 1581 1193 1646 liberos
1231 1604 1381 1646 suos
1421 1583 1814 1665 cohortatuS,
1861 1583 2196 1665 utriusque
2236 1585 2507 1645 aetatem
2549 1581 2934 1664 suppliciter
2974 1608 3036 1645 ιο

620 1687 914 1771 patribus
967 1690 1468 1773 commendauit,
1525 1695 1588 1752 et
1637 1690 1704 1752 in
1750 1688 1981 1753 ultima
2037 1686 2405 1773 cognitione
2453 1710 2569 1770 pro
2617 1687 2931 1751 tribunali

623 1796 1042 1859 accessisse
1090 1796 1177 1859 ad
1224 1796 1458 1858 finem
1499 1796 2039 1878 mortalitatiS,
2089 1817 2454 1878 quanquam
2503 1793 2928 1857 abominanti-

621 1900 742 1965 bus
792 1903 900 1985 qui
949 1903 1310 1986 audiebant,
1359 1902 1553 1966 semel
1601 1908 1795 1985 atque
1844 1904 2070 1965 iterum
2122 1902 2586 1985 pronuntiauit.

769 2119 797 2165 1
840 2113 1174 2166 destitutum
1215 2129 1248 2165 a
1276 2129 1480 2166 nerone
1513 2114 1562 2167 G
1710 2114 2048 2167 destitutum
2076 2114 2177 2166 del.
2213 2112 2499 2176 Graevius,
2538 2111 2781 2165 desitum
2814 2129 2925 2163 ma-

621 2194 745 2247 uult
774 2194 1005 2264 Bentley
1186 2192 1462 2246 abolitum
1498 2196 1635 2261 (sine
1673 2198 1800 2262 que)
1833 2197 1902 2248 M
1908 2195 2024 2259 Χδ,
2062 2194 2163 2246 del.
2198 2193 2262 2246 G.
2278 2193 2507 2257 Becker,
2546 2191 2752 2262 (tum)
2791 2190 2927 2243 abo-

622 2272 788 2325 litum
828 2274 1095 2326 Bz'e‘cheler
1205 2279 1235 2324 3
1275 2289 1443 2339 quam
1475 2291 1518 2326 c.
1558 2278 1766 2327 uocant
1804 2275 1904 2328 del.
1941 2274 2225 2327 &Becker
2261 2277 2313 2325 et
2348 2271 2523 2325 Polak
2632 2279 2665 2323 4
2704 2270 2923 2339 quodu

625 2355 699 2407 M
822 2359 853 2405 ὅ
893 2351 1042 2404 omni
1075 2354 1304 2420 Bentley
1441 2353 1695 2421 plerique
1725 2372 1824 2408 om.
1852 2355 1903 2409 G
2048 2359 2079 2405 6
2118 2370 2188 2405 ne
2226 2351 2346 2421 ipse
2385 2350 2611 2420 quidem
2651 2351 2770 2419 (del.
2802 2350 2925 2419 qui-

623 2432 752 2486 dem
781 2433 815 2484 l.
840 2434 893 2501 7)
929 2433 1154 2501 Bentley
1317 2438 1380 2489 10
1420 2434 1673 2501 patribus
1713 2434 2045 2502 suppliciter
2075 2435 2122 2486 G
2289 2438 2350 2484 12
2390 2433 2692 2486 accessisse
2730 2448 2788 2485 se
2820 2433 2929 2485 GT

764 2513 968 2566 subscr.
1018 2529 1062 2564 c.
1096 2513 1316 2564 suetoni
1347 2512 1641 2580 tranquilli
1675 2513 1745 2566 de
1774 2514 1897 2566 uita
1926 2530 2212 2567 caesarum
2244 2512 2410 2565 diuus
2439 2512 2695 2566 claudi-us
2724 2511 2924 2580 explic.

622 2592 828 2661 incipit
864 2609 998 2645 nero
1036 2592 1281 2645 feliciter
1320 2593 1389 2645 M
1435 2601 1483 2647 et
1529 2595 1650 2648 sim.
1693 2598 1811 2662 (om.
1853 2593 2112 2663 feliciter)
2148 2594 2315 2647 GHR
2362 2593 2479 2660 (lib.
2504 2592 2551 2644 V
2594 2599 2718 2661 post
2763 2591 2926 2645 Clau·

625 2673 751 2726 dius
790 2673 916 2726 add.
952 2675 1021 2738 Π,
1060 2672 1204 2725 liber
1241 2677 1428 2726 sextus
1460 2681 1585 2743 post
1622 2673 1771 2727 Nero
1805 2676 1941 2743 GH)
2115 2676 2337 2728 breuius
2373 2675 2432 2726 in
2471 2675 2697 2741 reliquis
2733 2675 2929 2726 omisso

623 2754 865 2809 auctoris
911 2755 1128 2808 nomine
1177 2752 1297 2820 (lib,
1329 2753 1374 2804 V
1424 2762 1651 2808 notatur
1696 2757 1858 2809 etiam
1905 2758 1966 2808 in
2014 2756 2133 2820 LS,
2180 2753 2375 2807 lib.VI
2423 2755 2487 2806 in
2537 2753 2735 2823 QLS),
2787 2755 2934 2808 nihil

621 2836 822 2889 subscr.
864 2834 925 2885 in
964 2835 1018 2887 P
