3259 5209
634 404 759 468 102
1330 403 1387 458 C.
1429 402 1744 459 SVETONI
1780 403 2226 468 TRANQVILLI

630 567 841 632 dicula
888 568 1237 632 inuolutus.
1313 568 1514 632 animi
1554 552 1815 631 laxandi
1855 588 2044 631 causa
2079 565 2274 631 modo
2313 565 2686 650 piscabatur
2719 566 2940 648 ham0,

629 676 823 739 modo
881 674 1029 738 talis
1086 679 1197 738 aut
1253 673 1543 738 ocellatis
1598 673 1998 756 nucibusque
2053 672 2315 738 ludebat
2363 695 2508 737 cum
2555 674 2772 757 pueris
2820 674 2940 736 mi-

628 783 826 865 nutiS‚
875 802 1037 864 quos
1084 779 1246 845 facie
1293 785 1357 844 et
1404 781 1785 866 garrulitate
1833 780 2128 844 amabilis
2173 780 2458 862 undique
2497 779 2940 863 conquirebat,

629 888 974 972 praecipue
1020 887 1281 952 Mauros
1331 891 1395 951 et
1442 886 1656 970 Syros.
1738 910 1886 952 nam
1934 888 2217 972 pumilos
2275 891 2468 970 atque
2515 885 2822 950 distortos
2874 890 2939 950 et

632 995 841 1058 omnis
897 996 1149 1080 generis
1206 995 1489 1059 eiusdem
1555 999 1628 1059 ut
1693 993 1972 1058 ludibria
2030 998 2296 1058 naturae
2357 992 2639 1077 malique
2702 993 2938 1056 ominis
3003 1017 3030 1056 ⁵

635 1101 1039 1166 abhorrebat.
1849 1087 1854 1092 ³

526 1203 620 1272 84
812 1206 1271 1292 Eloquentiam
1327 1207 1667 1292 studiaque
1721 1207 2015 1272 liberalia
2070 1206 2149 1271 ab
2207 1210 2416 1271 aetate
2464 1208 2674 1290 prima
2719 1211 2786 1270 et
2831 1227 2938 1270 cu-

629 1315 777 1399 pide
817 1319 881 1378 et
916 1315 1421 1379 laboriosissime
1460 1315 1762 1380 exercuit.
1847 1314 2199 1378 Mutinensi
2232 1313 2403 1378 bello
2445 1315 2509 1376 in
2547 1317 2730 1377 tanta
2765 1314 2941 1378 mole

630 1443 843 1486 rerum
900 1425 964 1486 et
998 1405 1253 1507 'legisse
1310 1426 1374 1486 et
1429 1422 1761 1505 scripsisse
1807 1425 1872 1485 et
1919 1407 2304 1485 declamasse
2360 1420 2596 1484 cotidie
2641 1420 2938 1485 traditur.

629 1550 779 1592 nam
837 1528 1140 1613 deinceps
1199 1551 1405 1611 neque
1462 1529 1529 1592 in
1586 1532 1813 1592 senatu
1867 1549 2076 1611 neque
2134 1526 2304 1611 apud
2359 1529 2674 1612 populum
2729 1551 2940 1612 neque
2973 1553 3033 1591 ιο

632 1634 804 1719 apud
849 1634 1088 1699 milites
1133 1636 1391 1699 locutus
1439 1640 1537 1699 est
1580 1656 1889 1718 umquam
1937 1635 2064 1699 nisi
2108 1635 2416 1699 meditata
2467 1640 2531 1699 et
2577 1636 2940 1718 composita

632 1743 949 1823 oratione,
1005 1744 1300 1825 quamuis
1355 1763 1487 1806 non
1544 1741 1923 1806 deficeretur
1977 1742 2057 1806 ad
2112 1741 2326 1806 subita
2381 1743 2802 1825 extemporali
2847 1743 2940 1805 fa'-

561 1863 591 1910 2
632 1848 887 1912 cultate.
972 1869 1047 1913 ac
1102 1871 1181 1912 ne
1237 1849 1595 1932 periculum
1657 1849 2000 1913 memoriae
2059 1848 2264 1912 adiret
2321 1851 2431 1912 aut
2478 1849 2546 1912 in
2591 1849 2940 1913 ediscendo

631 1959 888 2038 tempus
935 1955 1318 2038 absumeret,
1362 1955 1650 2018 instituit
1695 1954 1960 2020 recitare
1999 1957 2231 2019 omnia.
2315 1977 2641 2020 sermones
2680 1977 2940 2040 quoque

634 2083 781 2127 cum
829 2061 1102 2147 singulis
1164 2066 1357 2145 atque
1418 2063 1610 2126 etiam
1659 2083 1804 2125 cum
1861 2061 2047 2126 Liuia
2095 2085 2208 2125 sua
2255 2061 2585 2147 grauiores
2631 2083 2766 2127 non
2811 2063 3030 2127 nisi15

632 2170 908 2252 scriptos
957 2172 1022 2232 et
1067 2191 1102 2233 e
1147 2167 1368 2232 libello
1416 2167 1724 2251 habebat,
1776 2190 1858 2232 ne
1905 2169 2050 2251 plus
2098 2169 2394 2232 minusue
2439 2169 2815 2252 loqueretur
2859 2191 2940 2233 ex

632 2279 940 2358 tempore.
1037 2275 1501 2358 pronuntiabat
1558 2275 1732 2338 dulci
1788 2279 1852 2339 et
1916 2276 2181 2359 proprio
2243 2274 2521 2357 quodam
2584 2277 2716 2340 oris
2777 2297 2940 2340 sono

633 2381 953 2465 dabatque
1009 2381 1263 2445 assidue
1318 2381 1647 2467 phonasco
1705 2403 1998 2466 operam;
2054 2381 2165 2445 sed
2219 2405 2707 2466 nonnumquam
2765 2384 2940 2447 infir-

632 2489 820 2552 matis
866 2488 1161 2553 faucibus
1209 2489 1539 2572 praeconis
1584 2509 1745 2553 uoce
1792 2488 1870 2552 ad
1917 2487 2229 2572 populum
2279 2489 2687 2554 contionatus
2735 2495 2848 2554 est.

526 2589 619 2656 85
817 2594 1025 2659 Multa
1072 2595 1236 2659 uarii
1282 2595 1532 2680 generis
1579 2616 1770 2678 prosa
1818 2595 2107 2660 oratione
2153 2596 2535 2679 composuit,
2582 2619 2660 2659 ex
2702 2596 2938 2679 quibus
2965 2617 3028 2658 to

544 2783 547 2786 ἦ
630 2700 945 2766 nonnulla
990 2702 1059 2765 in
1107 2708 1292 2767 coetu
1339 2702 1756 2766 familiarium
1803 2704 1987 2766 uelut
2031 2703 2098 2765 in
2136 2700 2456 2766 auditorio
2493 2703 2810 2786 recitauit,
2857 2703 2938 2767 si-

634 2813 741 2872 cut
787 2808 1168 2894 rescripta
1214 2809 1455 2873 Bruto
1504 2809 1593 2872 de
1656 2807 1968 2891 Catone,
2025 2831 2188 2891 quae
2233 2810 2569 2874 uolumina
2612 2830 2760 2873 cum
2806 2809 2934 2873 iam

632 2916 847 2979 senior
892 2938 971 2979 ex
1016 2936 1252 3000 magna
1298 2918 1481 2997 parte
1525 2915 1808 2999 legisset,
1852 2913 2162 2999 fatigatus
2199 2914 2457 2979 Tiberio
2497 2915 2762 2979 tradidit
2798 2938 2938 3000 per-

631 3022 928 3109 legenda3
977 3022 1131 3086 item
1176 3022 1666 3087 hortationes
1715 3020 1804 3084 ad
1841 3021 2456 3106 philosophiam,
2494 3026 2559 3086 et
2595 3021 2814 3104 aliqua
2850 3023 2936 3087 de

631 3130 797 3193 uita
844 3151 1002 3212 sua,
1060 3150 1250 3212 quam
1308 3129 1613 3193 tredecim
1671 3126 1854 3192 libris
1905 3126 2289 3193 Cantabrico
2348 3133 2536 3192 tenus
2590 3129 2761 3193 bello
2815 3149 2936 3193 nec
2965 3151 3018 3190 25

779 3363 805 3410 7
850 3358 1004 3426 Epit.
1038 3365 1088 3423 1,
1119 3362 1190 3410 17
1226 3357 1555 3410 liberalibus
1593 3357 1814 3424 studiis,
1851 3358 2182 3425 praesertim
2222 3357 2579 3424 eloquentiae
2616 3358 2676 3410 in
2713 3360 2936 3412 tantum

634 3437 983 3503 incumbens,
1023 3441 1088 3490 ut
1127 3436 1331 3504 nullus,
1368 3454 1441 3492 ne
1478 3438 1537 3490 in
1574 3438 1869 3506 procinctu
1908 3437 2153 3504 quidem,
2192 3436 2478 3492 laberetur
2505 3437 2644 3504 dies,
2681 3439 2820 3504 quin
2858 3437 2936 3491 le-

632 3521 806 3586 geret,
846 3517 1139 3582 scriberet,
1179 3517 1521 3571 declamaret
1557 3520 1631 3587 (u.
1664 3520 1698 3572 l.
1737 3518 2015 3586 dictaret).
2104 3519 2286 3571 Victor
2325 3519 2473 3572 Caes.
2505 3524 2556 3584 1,
2586 3523 2620 3572 5
2659 3536 2785 3572 cum
2822 3517 2936 3572 elo-

634 3598 899 3666 quentiae
938 3599 1125 3652 studio
1158 3640 1170 3653 .
1194 3641 1240 3652 ..
1272 3599 1411 3650 mire
1448 3598 1800 3651 attineretur.
1875 3600 1944 3664 ef.
1985 3598 2261 3652 Einhard.
2295 3603 2379 3651 19.
2400 3603 2474 3651 25
2513 3602 2635 3653 erat
2670 3597 2936 3666 eloquen-

633 3678 717 3732 tia
765 3678 1023 3748 copiosus
1072 3682 1129 3732 et
1175 3677 1484 3732 exuberans
1531 3680 1867 3747 poteratque
1915 3677 2192 3746 quidquid
2239 3677 2417 3731 uellet
2454 3678 2806 3747 apertissime
2843 3695 2937 3733 ex-

632 3759 874 3827 primere
904 3759 984 3827 (p.
1010 3762 1133 3825 103,
1156 3761 1259 3828 11).
1407 3763 1439 3810 8
1477 3759 1622 3814 Suet.
1665 3759 1730 3812 de
1765 3760 1895 3812 rhet.
1930 3765 1958 3812 1
2005 3758 2238 3825 quidam
2277 3757 2532 3811 historici
2579 3759 2938 3813 tradiderunt

636 3881 646 3891 .
682 3881 691 3890 .
727 3880 734 3887 .
779 3837 1136 3891 declamandi
1193 3837 1654 3892 consuetudinem
1698 3881 1708 3891 .
1742 3881 1752 3891 .
1787 3881 1798 3892 .
1839 3839 2156 3908 Augustum
2211 3854 2280 3890 ne
2341 3838 2651 3892 Mutinensi
2706 3839 2934 3907 quidem

635 3917 783 3972 bello
822 3918 1093 3972 omisisse.

782 4139 813 4185 3
851 4133 997 4186 facie
1025 4137 1085 4198 T,
1110 4131 1281 4185 facile
1305 4131 1536 4198 MGX',
1570 4131 1853 4186 facilitate
1874 4133 1952 4186 Ρ2
2066 4131 2328 4185 amabilis
2350 4132 2476 4187 ΜΘ
2491 4132 2628 4203 VQ‘,
2655 4149 2739 4187 -es
2767 4135 2861 4188 rel.

636 4217 693 4268 et
724 4220 853 4282 post
890 4213 1260 4280 conquirebat
1286 4213 1414 4267 add.
1438 4213 1489 4265 V
1628 4219 1660 4264 4
1700 4213 1965 4281 pumilios
1995 4215 2174 4281 (pom—
2195 4213 2368 4283 PST)
2389 4217 2448 4265 X
2453 4211 2466 4230 ‘
2579 4218 2646 4266 10
2675 4214 2935 4284 princeps

636 4294 824 4362 Spejer
971 4300 1034 4347 12
1072 4293 1292 4346 ratione
1324 4293 1375 4346 G
1523 4293 1785 4348 deficeret
1813 4297 1872 4346 X
2011 4298 2078 4345 14
2115 4296 2425 4347 assumeret
2462 4293 2611 4362 (ads-
2643 4293 2836 4362 1⁷PS1)
2867 4297 2936 4359 Ω,

634 4391 769 4428 corr.
809 4373 921 4433 ,5²5
1068 4379 1133 4426 16
1173 4373 1411 4442 scriptos
1451 4391 1484 4432 ς
1522 4373 1795 4443 (Bentley,
1833 4375 2079 4442 Bur-m),
2126 4373 2350 4442 scriptis
2388 4376 2468 4439 Ω,
2513 4374 2572 4426 in
2619 4373 2845 4442 scriptis
2885 4393 2936 4440 ς,

635 4453 706 4506 de
754 4454 962 4522 scripto
1004 4454 1196 4508 Modd.
1392 4459 1457 4506 18
1504 4452 1814 4522 phonaisco
1855 4455 1929 4508 M
1941 4456 2010 4518 Τ,
2055 4453 2343 4522 phonusco
2385 4453 2462 4521 G,
2509 4453 2636 4507 uoci
2680 4471 2750 4508 ss,
2791 4455 2853 4507 in
2895 4456 2944 4508 V

636 4539 704 4586 19
744 4534 1007 4587 continuo
1045 4537 1212 4586 natus
1254 4533 1331 4588 G¹
1370 4537 1525 4603 (corr.
1563 4551 1631 4588 m.
1671 4536 1794 4602 rec.)
1941 4539 2004 4586 21
2046 4531 2141 4586 uel
2181 4533 2232 4586 G
2376 4533 2723 4587 adiutorium
2760 4534 2810 4585 1*
