3259 5209
636 480 768 545 354
958 479 1016 534 C.
1056 478 1368 534 SVETONI
1404 478 1849 544 TRANQVILLI
1890 476 2342 532 DOMITIANVS
2381 489 2512 538 [cn.
2545 489 2614 537 23]

636 643 893 708 elocuta
946 647 1070 707 est:
1126 645 1306 707 ἔσται
1354 642 1566 708 πάντα
1611 649 1848 724 καλῶς,
1893 663 2011 707 nec
2058 641 2265 706 defuit
2312 643 2424 725 qui
2473 645 2798 706 ostentum
2845 641 2948 705 sic

634 753 1167 835 interpretaretur
1212 748 1445 832 <FPR
1468 771 1538 832 p.
1553 755 1643 814 37
1644 752 1750 832 0>:

859 897 1105 959 nuper
1167 874 1492 959 Tarpeio
1561 897 1750 958 quae
1817 874 2016 939 sedit
2083 874 2418 939 culmine
2484 873 2756 938 cornix

950 983 1096 1046 ‘est
1147 981 1359 1045 bene’
1410 1002 1558 1045 non
1602 983 1865 1065 potuit
1912 981 2194 1066 (licere,
2241 982 2466 1046 dixit:
2516 977 2748 1043 ‘erit’.

637 1109 851 1191 ipsum
900 1109 1093 1172 etiam
1132 1104 1577 1171 Domitianum
1624 1107 1841 1170 ferunt
1887 1107 2240 1178 somniasse
2287 1105 2551 1192 gibbam
2599 1103 2726 1169 sibi
2773 1125 2949 1187 pone
3016 1130 3046 1170 s

638 1213 953 1278 ceruicem
1013 1235 1267 1277 auream
1331 1217 1614 1294 enatam,
1673 1234 1791 1296 pro
1866 1218 2169 1296 certoque
2230 1211 2534 1276 habuisse
2588 1212 2949 1276 beatiorem

638 1324 789 1405 post
834 1342 901 1384 se
946 1319 1411 1403 laetioremque
1454 1319 1752 1403 portendi
1800 1321 1891 1384 rei
1929 1319 2227 1403 publicae
2274 1324 2538 1402 statum,
2585 1320 2753 1382 sicut
2791 1338 2952 1380 sane

636 1426 821 1491 breui
853 1427 1070 1491 euenit
1098 1426 1488 1491 abstinentia
1517 1431 1581 1490 et
1600 1426 2039 1491 moderatione
2059 1426 2530 1509 insequentium
2555 1425 2951 1508 principum.

785 1625 813 1672 7
853 1620 923 1685 cf.
952 1619 1191 1689 Eun-op.
1231 1619 1386 1674 VIII
1412 1625 1461 1685 1,
1490 1626 1522 1673 1
1562 1619 1766 1674 Vetere
1813 1621 1871 1673 et
1909 1618 2148 1673 Valente
2201 1619 2523 1674 consulibua
2578 1634 2666 1672 res
2711 1616 2957 1687 publica

640 1699 712 1753 ad
741 1698 1179 1769 prosperrimum
1217 1702 1427 1753 statum
1455 1699 1625 1753 rediit
1662 1700 1824 1754 bonis
1851 1699 2204 1769 principibus
2242 1699 2463 1770 ingenti
2491 1697 2766 1752 felicitate
2797 1714 2947 1751 com-

640 1779 828 1832 missa.
902 1778 1227 1833 Domitiano
1266 1779 1432 1847 enim,
1472 1778 1749 1833 exitiabili
1787 1785 2044 1848 tyranne,
2086 1780 2275 1833 Nerua
2313 1779 2580 1833 successit
2616 1795 2720 1847 eqs.
2786 1777 2954 1845 Epit.

641 1865 728 1925 11,
750 1865 820 1914 15
850 1858 988 1928 quid
1017 1859 1166 1913 enim
1194 1859 1385 1913 Nerua
1411 1860 1745 1929 prudentius
1774 1862 1873 1913 aut
1899 1860 2245 1914 moderatius
2274 1863 2360 1927 (ex
2400 1861 2533 1914 Vict.
2567 1859 2716 1913 Caes.
2749 1862 2838 1924 12,
2858 1859 2953 1925 1)?

639 1939 778 2007 quid
819 1939 1060 1994 Traiano
1100 1940 1380 1994 diuinius?
1419 1939 1557 2009 quid
1594 1940 1974 2010 praestantius
2012 1939 2336 1994 Hadriano?

787 2125 813 2172 1
854 2136 923 2172 88.
963 2117 1071 2171 erit
1098 2118 1234 2186 (erie
1263 2119 1323 2187 S)
1359 2136 1577 2188 semper
1612 2118 1756 2172 bene
1794 2121 1855 2172 in
1892 2118 2044 2173 LPS
2215 2136 2318 2173 nec
2356 2118 2466 2172 fuit
2490 2119 2540 2173 G
2721 2117 2819 2185 qui
2852 2117 2958 2171 M*

640 2213 778 2252 corr.
815 2215 883 2252 ex
911 2197 1079 2265 quod,
1108 2199 1237 2252 inde
1278 2199 1373 2265 qui
1418 2199 1475 2252 id
1507 2200 1815 2253 Salmasius
1977 2199 2058 2252 sic
2087 2216 2188 2254 om.
2225 2200 2276 2255 G
2440 2205 2467 2251 ’1
2499 2199 2581 2253 rei
2609 2217 2667 2268 p.
2695 2202 2772 2265 (R.
2793 2204 2849 2268 p.
2872 2201 2952 2263 Π,

639 2278 722 2332 rei
750 2277 978 2347 publice
998 2279 1087 2346 ρὸ)
1115 2280 1324 2331 statum
1350 2281 1447 2345 Τδ,
1477 2295 1661 2332 rerum
1691 2281 1902 2333 statum
1922 2278 2148 2348 publice
2169 2282 2255 2345 M,
2283 2280 2364 2333 rei
2395 2281 2606 2333 statum
2625 2277 2852 2350 publice
2877 2280 2955 2346 G,

642 2360 853 2411 statum
888 2357 971 2412 rei
1008 2356 1271 2426 publicae
1309 2361 1371 2426 (r.
1401 2377 1454 2427 p.
1494 2360 1562 2426 T)
1591 2362 1650 2411 X

783 2438 986 2492 subscr.
1017 2454 1062 2491 c.
1093 2438 1312 2492 suetoni
1331 2439 1456 2507 (-nii
1485 2440 1594 2507 Pp)
1623 2439 1916 2509 tranquilli
1947 2440 2016 2493 de
2043 2441 2166 2494 uita
2187 2457 2474 2494 caesarum
2495 2440 2770 2494 domitian
2800 2439 2954 2508 expl.

651 2517 894 2571 feliciter
924 2519 1078 2584 ΜΡρ
1124 2517 1387 2584 (feliciter
1429 2536 1532 2573 om.
1563 2523 1613 2588 ρ)
1697 2537 1742 2573 c.
1781 2521 2022 2582 suetonii
2078 2520 2374 2589 tranquilli
2421 2519 2490 2574 de
2536 2521 2659 2573 uita
2695 2536 2954 2574 cesarum

649 2597 793 2652 liber
825 2597 927 2651 XII
955 2597 1109 2667 expia
1141 2597 1483 2653 domitianus
1512 2600 1697 2669 explic
1720 2600 1962 2654 feliciter
1991 2602 2098 2672 HQ
2128 2601 2303 2671 (expia
2333 2608 2384 2655 et
2402 2600 2644 2654 feliciter
2661 2618 2762 2655 om.
2786 2603 2869 2668 Π)

647 2678 767 2747 gaii
804 2678 1044 2732 suetonii
1080 2678 1374 2746 tranquilli
1414 2680 1482 2732 de
1521 2681 1643 2733 uit-a
1681 2698 1930 2734 cesarum
1963 2681 2304 2736 domitianus
2342 2681 2506 2734 diuus
2535 2679 2634 2734 lib.
2671 2679 2773 2733 XII
2801 2680 2959 2748 expl.

648 2757 892 2812 feliciter
919 2758 964 2812 S
1103 2758 1334 2827 explicit
1362 2759 1459 2814 lib.
1490 2759 1608 2813 XII.
1638 2760 1742 2813 deo
1773 2762 1984 2830 gratias
2015 2763 2067 2815 L
2211 2762 2370 2817 nulla
2396 2762 2723 2829 subscriptio
2750 2763 2813 2814 in
2846 2762 2950 2816 G1
