3259 5209
678 410 762 477 68
1382 410 1441 466 C.
1478 411 1790 473 SVETON1
1827 411 2271 475 TRANQVILLI

568 571 660 639 29
676 576 821 660 tuit,
866 576 1061 639 etiam
1106 574 1173 639 in
1221 578 1551 659 posterum
1596 575 1944 659 praestitit.
2023 573 2284 658 publica
2325 588 2521 658 opera·
2551 564 2834 659 plurima
2867 594 2979 639 ex-

614 702 633 707 ’·
675 681 899 765 truxit,
936 703 971 747 e
1008 682 1244 766 quibus
1281 682 1395 745 uel·
1421 680 1792 765 praecipua:
1829 679 2044 745 forum
2082 702 2228 745 cum
2267 682 2418 747 aede
2445 680 2679 746 Martis·
2697 679 2977 763 -Vltoris,

674 788 988 871 templum
1007 787 1332 874 Apollinis
1360 788 1430 851 in
1455 787 1728 871 Palatio,
1751 787 1970 853 aedem
1989 787 2300 851 Tonantis
2327 785 2504 881 Iouis
2531 788 2601 851 in
2629 786 2976 871 Capitolio.

674 895 799 959 fori
824 896 1160 959 extruendi
1188 916 1378 959 causa
1404 894 1531 962 fuit
1559 892 1896 959 hominum
1925 898 1990 958 et
2012 894 2397 985 iudiciorum
2420 894 2786 979 multitud0,
2806 917 2978 979 quae

674 1001 1013 1067 uidebatur
1074 1024 1206 1067 non
1278 1001 1750 1068 sufficientibus
1815 1000 2065 1065 duobus
2139 1002 2333 1065 etiam
2397 1002 2589 1066 tertio
2655 1001 2978 1091 indigere3
3035 1024 3064 1063 s

674 1106 895 1191 itaque
957 1108 1323 1175 festinatius
1384 1109 1660 1173 necdum
1722 1107 2010 1193 perfecta
2067 1108 2297 1172 Martis
2356 1108 2510 1173 aede
2566 1108 2978 1192 publicatum

568 1252 577 1267 ι
674 1219 771 1279 est
818 1218 1223 1300 cautumque,
1268 1220 1343 1281 ut
1380 1216 1728 1299 separatim
1765 1215 1834 1279 in
1879 1236 1954 1279 eo
2001 1214 2262 1300 publica
2305 1214 2542 1280 iudicia
2587 1219 2655 1279 et
2688 1216 2978 1279 sortitio-

601 1335 633 1385 2
670 1330 786 1387 nes
830 1322 1114 1387 iudicum
1168 1324 1413 1388 fierent.
1496 1322 1716 1386 aedem
1763 1321 1991 1386 Martis
2047 1320 2218 1386 bello
2264 1320 2666 1406 Philippensi
2711 1344 2830 1406 pro
2877 1320 2977 1385 ul·

672 1428 849 1493 tione
909 1434 1181 1514 paterna
1244 1433 1541 1513 suscepto
1605 1433 1903 1512 uouerat3
1976 1430 2191 1493 sanxit
2256 1450 2437 1514 erge,
2501 1432 2576 1492 ut
2639 1429 2718 1493 de
2781 1428 2976 1493 bellis

672 1535 1146 1621 triumphisque
1213 1535 1320 1600 hic
1385 1535 1824 1601 consuleretur
1877 1539 2136 1600 senatus
2144 1586 2161 1619 ,
2221 1534 2590 1619 prouincias
2649 1557 2795 1599 cum
2855 1534 2976 1599 im·
3005 1556 3060 1597 ιο

670 1645 852 1726 perio
911 1643 1181 1729 petituri
1237 1641 1389 1707 hinc
1449 1642 1942 1725 deducerentur,
2001 1641 2240 1725 quique
2299 1641 2578 1707 uictores
2636 1640 2974 1730 redissent,

602 1760 634 1809 3
672 1748 801 1813 huc
845 1748 1126 1836 insignia
1172 1747 1650 1833 triumphorum
1708 1749 2088 1813 conferrent.
2171 1749 2484 1833 templum
2531 1746 2857 1833 Apollinis
2900 1748 2972 1813 in

674 1876 747 1918 ea
791 1860 971 1939 parte
1017 1855 1354 1921 Palatinae
1396 1856 1625 1920 domus
1672 1855 2004 1939 excitauit,
2059 1877 2252 1939 quam
2307 1854 2580 1919 fulmine
2624 1855 2820 1919 ictam
2868 1854 2972 1919 de-

602 1990 607 1995 ·
670 1961 931 2027 siderari
980 1984 1017 2025 a
1062 1961 1182 2026 deo
1228 1960 1599 2045 haruspices
1639 1960 2160 2046 pronuntiarant3
2206 1961 2451 2033 addidit
2494 1960 2782 2045 porticus
2820 1982 2968 2027 cum

672 2066 1065 2131 bibliotheca
1126 2066 1360 2131 Latina
1425 2066 1824 2151 Graecaque,
1901 2087 2030 2149 quo
2093 2066 2238 2133 loco
2311 2068 2440 2131 iam
2505 2068 2718 2131 senior
2780 2088 2970 2151 saepe
3001 2088 3052 2127 1⁵

671 2174 861 2237 etiam
920 2177 1213 2237 senatum
1267 2172 1499 2238 habuit
1553 2174 1973 2257 decuriasque
2029 2174 2314 2239 iudicum
2367 2174 2763 2260 recognouit.
2847 2172 2970 2239 To-

669 2280 851 2344 nanti
906 2277 1050 2344 Ioui
1107 2280 1325 2345 aedem
1382 2281 1784 2345 consecrauit
1837 2280 2151 2345 liberatus
2202 2280 2516 2365 periculo,
2577 2301 2722 2345 cum
2779 2302 2968 2365 expe-

670 2386 913 2451 ditione
971 2386 1355 2451 Cantabrica
1407 2409 1524 2471 per
1576 2392 1967 2452 nocturnum
2031 2388 2154 2451 iter
2207 2386 2500 2452 lecticam
2555 2388 2692 2451 eius
2745 2386 2972 2473 fulgur

599 2506 633 2555 4
670 2494 1191 2577 praestrinxisset
1252 2516 1637 2579 seruumque
1709 2494 2184 2579 praelucentem
2243 2494 2685 2557 exanimasset.
2778 2515 2967 2577 quae·
3014 2479 3018 2481 ’

669 2600 815 2664 dam
879 2600 1073 2665 etiam
1140 2622 1334 2687 opera
1397 2600 1517 2665 sub
1581 2601 1841 2665 nomine
1907 2601 2143 2684 alieno,
2216 2605 2525 2683 nepotum
2589 2601 2836 2670 scilicet
2901 2605 2968 2665 et
2995 2621 3050 2661 20

668 2709 889 2771 uxoris
936 2708 1305 2791 sororisque
1340 2708 1513 2791 fecit,
1558 2712 1632 2771 ut
1669 2707 1991 2791 porticum
2031 2706 2492 2790 basilicamque
2531 2706 2650 2771 Gai
2687 2711 2752 2771 et
2787 2706 2966 2791 Luci,

669 2814 825 2878 item
878 2815 1166 2898 porticus
1212 2815 1435 2879 Liuiae
1492 2819 1556 2878 et
1602 2812 1910 2878 Octauiae
1965 2815 2420 2897 theatrumque
2466 2812 2772 2879 Marcelli.
2853 2814 2966 2878 sed

674 2924 739 2985 et
784 2926 1025 2985 ceteros
1072 2921 1394 3005 principes
1441 2922 1617 2985 uiros
1663 2942 1850 3004 saepe
1897 2920 2192 2985 hortatus
2229 2923 2344 3004 est,
2389 2924 2463 2984 ut
2500 2942 2619 3005 pro
2655 2920 2965 2985 facultate

670 3028 941 3111 quisque
988 3028 1400 3091 monimentis
1456 3027 1562 3091 uel
1604 3028 1795 3091 nouis
1847 3027 1952 3091 uel
1996 3026 2254 3091 refectis
2309 3031 2372 3093 et
2419 3026 2692 3091 excultis
2733 3026 2964 3093 urbem

600 3144 631 3192 5
670 3134 1069 3199 adornarent.
1153 3134 1483 3217 multaque
1538 3156 1576 3198 a
1632 3132 1854 3198 multis
1914 3139 2068 3199 tunc
2125 3138 2414 3198 extructa
2469 3138 2646 3217 sunt,
2702 3134 2872 3199 sicut
2927 3158 2966 3197 a
2992 3154 3042 3195 τι

668 3240 910 3305 Marcio
977 3240 1280 3324 Philippo
1346 3240 1531 3305 aedes
1595 3239 1897 3305 Herculis
1959 3240 2313 3321 Musarum,
2389 3265 2426 3305 a
2487 3236 2557 3305 L.
2615 3238 2960 3305 Cornificio

668 3347 853 3411 aedes
899 3346 1161 3431 Dianae,
1200 3347 1282 3410 ab
1322 3345 1548 3411 Asinio
1588 3346 1881 3411 Pollione
1921 3348 2154 3411 atrium
2192 3347 2560 3431 Libertatis,
2596 3371 2634 3412 a
2670 3347 2962 3412 Munatio

672 3452 909 3525 Planco
956 3454 1141 3517 aedes
1190 3452 1479 3539 Saturni,
1534 3477 1571 3518 a
1620 3452 1918 3518 Cornelio
1965 3454 2170 3519 Balbo
2218 3454 2568 3537 theatrum,
2615 3477 2653 3519 a
2699 3452 2960 3519 Statilio

667 3560 877 3624 Tauro
918 3560 1482 3644 amphitheatrum,
1518 3583 1555 3624 a
1585 3560 1671 3624 M.
1701 3583 1856 3625 uero
1883 3560 2178 3646 Agrippa
2215 3560 2548 3645 complura
2585 3564 2649 3625 et
2685 3561 2960 3647 egregia.

815 3830 842 3877 1
884 3824 1161 3879 Einhard.
1190 3831 1261 3880 17
1297 3842 1468 3894 opera
1499 3868 1541 3879 ..
1567 3870 1576 3880 .
1608 3824 1854 3893 plurima
1885 3870 1894 3879 .
1921 3868 1930 3877 .
1956 3870 1966 3880 .
1997 3825 2288 3879 inchoauit
2317 3867 2327 3878 .
2354 3869 2364 3879 .
2390 3868 2399 3877 .
2431 3826 2580 3879 inter
2616 3840 2760 3894 quae
2797 3840 2959 3895 prae-

666 3906 835 3974 cipua
872 3923 972 3974 eqs.
1014 3907 1103 3973 (cf.
1136 3910 1226 3975 12)

808 4144 839 4191 6
876 4138 1129 4207 perfecta
1166 4138 1360 4191 martis
1401 4137 1763 4205 aeduplicatfi
1804 4138 1856 4190 V
2001 4142 2032 4189 8
2071 4137 2236 4191 marti
2269 4141 2324 4189 X
2469 4137 2684 4191 ultione
2724 4154 2824 4204 ρς,
2873 4137 2957 4189 ui-

667 4218 821 4272 sione
852 4222 903 4271 Ω.
951 4220 1298 4287 (G.Becker)‚
1339 4217 1610 4285 religione
1640 4218 1910 4271 let-rastede
2058 4222 2122 4269 14
2159 4217 2596 4285 pronuntiarant
2633 4218 2958 4285 Steplmnus,

664 4301 1095 4367 pronuntiarent
1124 4302 1176 4351 ,Ω
1215 4302 1393 4366 §runt
1436 4300 1490 4363 T,
1532 4299 1784 4365 Bentley)
1935 4304 1998 4349 16
2039 4297 2294 4350 decurias
2329 4298 2376 4351 V
2519 4302 2582 4349 19
2623 4312 2960 4365 seruumque

664 4396 833 4448 usque
870 4380 1245 4432 exanimasset
1274 4396 1371 4432 om.
1408 4380 1458 4431 V
1592 4378 2070 4447 pr(a)educentem
2101 4382 2158 4429 X
2298 4384 2361 4429 19
2403 4378 2705 4447 quaedam]
2737 4393 2882 4444 quae
2914 4378 2966 4429 V

666 4465 731 4513 21
774 4459 1088 4524 sororisque
1116 4462 1172 4523 Τ,
1214 4462 1271 4511 et
1310 4458 1511 4511 sororis
1539 4458 1603 4521 G,
1645 4474 1712 4510 ac
1751 4458 1953 4511 sororis
1985 4462 2048 4518 X,
2089 4460 2291 4511 sororis
2334 4461 2402 4512 M
2417 4457 2618 4525 1⁹(Slz0),
2658 4474 2724 4510 ac
2753 4457 2957 4511 sororis

667 4538 704 4602 <
711 4540 1058 4609 generique>
1084 4539 1277 4592 Madd.
1426 4544 1493 4591 23
1532 4540 1750 4590 ortatus
1791 4540 2008 4603 M'VS1,
2051 4539 2379 4593 adhortatus
2411 4540 2464 4591 R
2485 4538 2758 4607 (Bentley)
