3259 5209
996 451 1211 506 DIVVS
1248 450 1629 505 AVGVSTVS
1670 462 1801 511 [cst.
1835 462 2008 511 10—131
2537 451 2622 513 55

324 618 573 681 occisos
584 665 601 698 ,
663 621 737 679 ut
798 614 1086 680 Antonio
1152 616 1405 700 fugato,
1470 635 1537 677 re
1602 636 1664 697 p.
1719 612 2091 679 consulibus
2157 612 2384 678 orbata
2448 613 2623 677 solus

322 723 607 787 uictores
664 721 979 786 exercitus
1045 725 1403 805 occuparet.
1495 719 1742 785 Pansae
1798 719 2056 803 quidem
2111 720 2270 784 adeo
2325 723 2626 803 suspecta

324 850 503 893 mors
538 828 683 910 fuit,
718 832 795 891 ut
823 826 1028 910 Glyco
1068 826 1347 893 medicus
1388 828 1748 892 custoditus
1787 828 1890 910 sit,
1928 827 2108 911 quasi
2138 847 2456 891 uenenum
2487 825 2622 890 uul-

322 936 466 999 neri
530 933 878 999 indidisset.
980 932 1176 997 adicit
1238 932 1341 999 his
1406 934 1710 1017 Aquilius
1772 932 1980 1020 Niger
2042 932 2316 997 alterum
2381 954 2416 996 e
2477 952 2624 996 con-

268 1066 295 1107 s
326 1042 579 1107 sulibus
642 1040 927 1105 Hirtium
996 1042 1063 1105 in
1127 1061 1380 1127 pugnae
1442 1039 1729 1105 tumultu
1795 1039 1876 1103 ab
1943 1040 2082 1123 ipso
2148 1038 2622 1121 interemptum.

326 1149 439 1213 sed
484 1152 558 1212 ut
604 1150 911 1234 cognouit
950 1147 1309 1212 Antonium
1348 1151 1499 1231 post
1538 1146 1762 1233 fugam
1810 1168 1850 1210 a
1886 1146 1970 1211 M.
2009 1145 2254 1230 Lepido
2293 1150 2621 1229 receptum
2643 1142 2728 1207 12

326 1261 702 1337 ceterosque
748 1253 939 1319 duces
985 1258 1051 1317 et
1094 1254 1409 1319 exercitus
1449 1254 1810 1317 consentire
1848 1275 1968 1337 pro
2006 1252 2320 1337 partibus,
2365 1273 2622 1317 causam

326 1361 737 1446 optimatium
786 1360 923 1423 sine
968 1358 1379 1423 cunctatione
1424 1358 1724 1443 deseruit,
1770 1358 1850 1421 ad
1895 1362 2298 1441 praetextum
2337 1360 2624 1421 mutatae

326 1468 683 1533 uoluntatis
738 1466 911 1531 dicta
966 1466 1263 1549 factaque
1321 1466 1722 1548 quorundam
1773 1464 2230 1546 calumniatus,
2284 1463 2467 1546 quasi
2513 1463 2624 1527 alii

238 1600 295 1639 10
326 1597 396 1639 se
442 1596 730 1659 puerum,
776 1574 888 1637 alii
922 1571 1093 1655 (cic.
1133 1573 1304 1653 epist.
1348 1571 1461 1635 XI
1492 1576 1599 1655 20,
1626 1576 1707 1649 1>
1749 1572 2104 1636 ornandum
2143 1569 2624 1653 tollendumque

328 1681 693 1761 iactassent,
738 1701 819 1743 ne
867 1682 979 1742 aut
1026 1678 1150 1741 sibi
1201 1682 1311 1742 aut
1358 1678 1681 1742 ueteranis
1727 1700 1844 1761 par
1879 1679 2088 1763 gratia
2125 1678 2484 1741 referretur.
2562 1681 2626 1740 et

329 1808 459 1869 quo
516 1786 724 1871 magis
778 1784 1235 1868 paenitentiam
1294 1784 1527 1867 prioris
1585 1787 1790 1847 sectae
1847 1783 2250 1867 approbaret,
2303 1782 2623 1847 Nursinos

325 1890 557 1977 grandi
601 1891 871 1974 pecunia
915 1894 981 1954 et
1026 1912 1219 1973 quam
1274 1892 1548 1973 pendere
1594 1890 1938 1973 nequirent
1983 1888 2292 1955 multatos
2340 1894 2624 1954 extorres

328 1998 571 2083 oppido
628 1998 787 2082 egit,
844 1997 1017 2080 quod
1073 1996 1424 2061 Mutinensi
1480 1997 1615 2060 acie
1661 1998 2194 2080 interemptorum
2241 1998 2478 2061 ciuium
2529 2000 2626 2059 tu-

242 2130 297 2169 15
330 2104 506 2168 mulo
546 2104 799 2187 publice
837 2108 1131 2168 extructo
1162 2104 1587 2187 ascripserant
1621 2125 1742 2186 pro
1769 2103 2067 2167 libertate
2097 2126 2204 2167 eos
2236 2103 2625 2169 occubuisse.

506 2208 679 2275 Inita
725 2231 869 2274 cum
918 2208 1203 2275 Antonio
1254 2213 1317 2273 et
1363 2210 1607 2295 Lepido
1659 2211 1964 2274 societate
2008 2209 2424 2294 Philippense
2472 2205 2730 2293 quo-13

330 2338 455 2399 que
500 2316 769 2400 bellurn,
826 2339 1213 2400 quamquam
1272 2317 1591 2381 inualidus
1650 2321 1842 2400 atque
1889 2338 2101 2403 aeger,
2158 2316 2399 2401 duplici
2446 2338 2625 2401 proe-

327 2422 419 2487 lio
480 2425 822 2509 transegit,
887 2445 1159 2506 quorum
1222 2424 1433 2507 priore
1494 2425 1720 2487 castris
1782 2428 2011 2487 exutus
2071 2425 2182 2487 uix
2243 2423 2322 2487 ad
2380 2422 2627 2487 Antoni

327 2550 529 2593 cornu
574 2529 729 2615 fuga
777 2534 1083 2594 euaserat.
1169 2550 1287 2593 nec
1333 2550 1698 2595 successum
1745 2530 2055 2594 uictoriae
2101 2530 2468 2595 moderatus
2515 2534 2628 2611 est,

244 2662 299 2701 20
330 2636 441 2699 sed
488 2638 696 2719 capite
743 2635 935 2701 Bruti
980 2636 1255 2701 Romam
1302 2638 1521 2718 misso,
1568 2642 1642 2701 ut
1689 2641 1936 2701 statuae
1978 2636 2265 2701 Caesaris
2311 2637 2626 2701 subicere-

328 2748 462 2825 tur,
525 2744 595 2807 in
660 2742 1245 2829 splendidissimum
1314 2766 1630 2827 quemque
1696 2744 2024 2827 captiuum
2091 2765 2224 2807 non
2288 2744 2426 2807 sine
2491 2765 2626 2806 uer-

328 2848 559 2913 borum
608 2850 997 2915 contumelia
1043 2850 1299 2935 saeuiit3
1346 2856 1419 2913 ut
1465 2850 1722 2932 quidem
1769 2850 1881 2914 uni
1929 2850 2303 2933 suppliciter
2348 2848 2627 2932 sepultu-
2667 2864 2697 2909 2

327 2978 465 3019 ram
504 2958 789 3039 precanti
831 2957 1237 3040 respondisse
1274 2957 1511 3021 dicitur
1548 2958 1690 3021 iam
1741 2958 1967 3021 istam
2015 2957 2408 3021 uolucrum
2453 2955 2484 3017 f
2500 2976 2626 3019 ore

328 3065 823 3147 potestatem3
870 3064 1049 3146 alios,
1087 3068 1334 3147 patrem
1374 3068 1439 3127 et
1476 3063 1703 3147 filium,
1749 3085 1868 3147 pro
1907 3064 2044 3127 uita
2081 3064 2370 3148 rogantis
2407 3063 2627 3126 sortiri

245 3194 299 3233 ετ»
330 3170 436 3234 nel
500 3168 737 3233 micare
800 3171 1087 3253 iussisse,
1154 3175 1225 3234 ut
1284 3170 1577 3235 alterutri
1638 3170 2114 3253 concederetur,
2171 3192 2245 3235 ac
2307 3172 2628 3252 spectasse

330 3281 675 3361 utrumque
734 3277 1141 3357 morientem,
1204 3299 1345 3341 cum
1411 3281 1617 3360 patre,
1680 3278 1831 3361 quia
1878 3300 1944 3341 se
2004 3276 2352 3361 optulerat,
2412 3276 2626 3339 occiso

330 3381 501 3445 filius
562 3402 819 3465 quoque
882 3380 1311 3446 uoluntariam
1378 3383 1784 3447 occubuisset
1837 3404 2074 3447 necem.
2168 3405 2363 3466 quare
2421 3383 2628 3463 ceteri,

332 3487 397 3551 in
451 3486 555 3551 his
610 3488 696 3552 M.
733 3486 1057 3553 Fauonius
1112 3488 1223 3552 ille
1272 3486 1531 3553 Catonis
1588 3492 1904 3573 aemulus,
1960 3512 2106 3554 cum
2163 3489 2437 3553 catenati
2485 3511 2629 3571 pro-

334 3595 731 3677 ducerentur,
777 3596 1161 3679 imperatore
1206 3594 1493 3661 Antonio
1539 3595 1894 3660 honorifice
1941 3597 2236 3679 salutatO,
2279 3595 2452 3659 hunc
2497 3597 2626 3660 foe-

242 3725 302 3765 so
332 3702 597 3765 dissimo
645 3702 937 3767 conuicio
985 3723 1199 3765 coram
1246 3703 1709 3785 prosciderunt.

474 3935 505 3981 2
544 3929 729 3983 uictor
754 3932 821 3997 T,
850 3930 1031 3983 uictor
1048 3933 1161 3983 tres
1184 3948 1217 3989 ς
1239 3931 1327 3997 (cf.
1351 3931 1609 3999 Eutrop.)
1731 3932 1992 3998 equidem
2015 3934 2079 3997 X,
2110 3948 2332 3998 quoque
2354 3934 2413 3984 Π
2431 3935 2628 3999 (pansa

330 4009 591 4081 equidem
621 4016 671 4064 et
698 4018 813 4065 tum
840 4010 1011 4064 adeos
1034 4012 1095 4077 V,
1132 4028 1313 4079 pansa
1342 4012 1603 4077 equidem
1628 4012 1694 4080 Q)
1815 4018 1845 4063 3
1874 4027 2151 4064 uenenum
2182 4029 2282 4065 om.
2317 4012 2366 4062 V
2484 4016 2514 4063 6
2547 4028 2626 4063 re·

331 4090 497 4159 cepto
536 4092 611 4144 M
754 4096 781 4143 7
821 4093 879 4143 et
915 4108 1014 4145 om.
1051 4090 1102 4145 Θ*
1244 4092 1501 4159 partibus
1541 4108 1573 4150 ς
1613 4092 1934 4159 (Bormam),
1971 4092 2226 4159 patribus
2267 4091 2448 4159 (fra-tr-
2483 4092 2553 4159 V)
2576 4093 2627 4142 Ω.

334 4177 393 4223 11
431 4170 523 4240 ne]
554 4186 735 4238 neque
763 4171 934 4236 Torva,
962 4186 1065 4223 nec
1085 4172 1318 4241 Bentley
1421 4176 1484 4223 19
1516 4178 1685 4224 cornu
1712 4170 1871 4225 M²V
1965 4187 2220 4224 successu
2243 4169 2316 4223 X'
2412 4176 2478 4222 20
2510 4171 2628 4223 obi-

332 4252 551 4304 ceretur
578 4251 811 4321 Bentley
920 4257 983 4303 21
1017 4251 1077 4303 in
1105 4268 1204 4305 om.
1230 4249 1525 4317 M¹GX‘3,
1564 4252 1691 4305 add.
1719 4253 1790 4303 Μ
1795 4250 1893 4305 ²P²
2002 4252 2353 4319 captiuorum
2379 4252 2628 4317 Bentley,

332 4337 469 4386 reete
497 4338 638 4399 puto
761 4336 827 4384 22
859 4331 1027 4384 seuiit
1050 4333 1123 4385 M
1127 4333 1195 4395 T,
1236 4331 1443 4402 seuiuit
1476 4332 1552 4397 G,
1592 4349 1688 4383 seu
1722 4332 1783 4393 V,
1823 4332 2002 4384 secuit
2026 4336 2089 4390 X,
2128 4331 2367 4383 extinxit
2396 4332 2431 4382 ὃ
2539 4331 2625 4400 ut]

330 4415 389 4465 et
418 4412 671 4480 Bentley,
706 4411 754 4464 si
784 4412 1055 4466 Iernstedt
1216 4417 1281 4463 23
1321 4412 1674 4479 praedicanti
1717 4414 1786 4465 M
1797 4412 1810 4441 ¹
1979 4411 2186 4463 dicitur
2226 4413 2296 4464 M
2310 4413 2369 4475 V,
2407 4410 2627 4463 dicatur

330 4494 423 4546 rel.
454 4498 505 4545 et
531 4492 648 4546 edd.
794 4492 855 4543 in
884 4498 1011 4560 post
1039 4491 1207 4545 istam
1237 4492 1365 4546 add.
1388 4492 1560 4556 LPS,
1597 4491 1712 4545 ista.
1739 4493 1798 4544 in
1827 4493 2060 4562 Bentley
2197 4497 2262 4543 25
2301 4490 2498 4545 micari
2529 4491 2626 4555 11¹,

332 4572 601 4627 dimicare
644 4571 887 4625 GL²PT
1025 4577 1090 4624 27
1130 4572 1694 4626 uoluntaria—nece
1733 4576 1790 4623 X
