3259 5209
632 381 763 445 310
1336 380 1390 436 C.
1432 381 1747 436 SVETONI
1783 381 2234 447 TRANQVILLI

630 544 707 608 de
755 545 1138 628 imperatore
1186 543 1503 628 Romano,
1559 549 1877 628 quantum
1924 550 2149 628 postea
2196 549 2432 610 euentu
2479 546 2713 630 paruit,
2761 568 2948 628 prae-

630 650 873 715 dictum
930 648 1148 715 Iudaei
1210 651 1291 714 ad
1347 673 1413 716 se
1468 651 1794 716 trahentes
1853 651 2249 717 rebellarunt
2307 673 2617 737 caesoque
2671 674 2946 737 praepo-

634 757 759 820 sito
816 756 1101 842 legatum
1163 759 1423 842 insuper
1481 757 1705 841 Syriae
1764 757 2164 823 consularem
2229 759 2566 842 suppetias
2631 759 2944 824 ferentem

628 870 811 947 rapta
877 865 1094 947 aquila
1156 864 1565 950 fugauerunt.
1678 865 1756 928 ad
1821 865 1996 930 hunc
2060 870 2311 930 motum
2385 865 2944 949 comprimendum

632 991 779 1034 cum
826 971 1106 1035 exercitu
1154 972 1461 1054 ampliore
1508 975 1572 1035 et
1614 992 1748 1035 non
1796 972 2128 1038 instrenuo
2167 972 2348 1055 duce,
2398 972 2500 1036 cui
2539 976 2754 1036 tamen
2791 977 2940 1036 tuto
3005 997 3032 1035 5

632 1082 812 1141 tanta
872 1099 971 1142 res
1032 1077 1565 1162 committeretur,
1626 1099 1789 1161 opus
1849 1082 2032 1161 esset,
2093 1079 2233 1162 ipse
2297 1077 2711 1161 potissimum
2773 1077 2944 1142 dele-

632 1189 773 1248 ctus
829 1187 927 1248 est
983 1189 1055 1248 ut
1110 1188 1173 1248 et
1220 1185 1571 1248 industriae
1618 1189 1918 1269 expertae
1963 1205 2081 1249 nec
2127 1185 2513 1250 metuendus
2559 1185 2693 1249 ullo
2741 1185 2940 1249 modo

576 1309 591 1324 ·
633 1291 715 1356 ob
762 1291 1193 1355 humilitatem
1242 1292 1495 1377 generis
1542 1313 1615 1356 ac
1660 1292 1960 1356 neminie.
2052 1290 2286 1356 additis
2333 1292 2540 1377 igitur
2583 1292 2666 1355 ad
2713 1292 2939 1376 copias

633 1397 879 1462 duabus
934 1397 1313 1484 legionibuS,
1374 1401 1521 1462 octo
1578 1397 1716 1480 alis,
1772 1397 2146 1462 cohortibus
2201 1398 2449 1481 decem,
2505 1402 2702 1481 atque
2765 1400 2940 1462 inter

630 1505 879 1590 legatos
926 1505 1165 1569 maiore
1212 1504 1349 1567 filio
1396 1509 1747 1588 assumpto,
1796 1509 1869 1567 ut
1913 1505 2196 1588 primum
2245 1506 2650 1588 prouinciam
2689 1507 2936 1590 attigit,
2973 1529 3034 1570 ιο

630 1611 956 1695 proximas
1014 1633 1271 1695 quoque
1326 1612 1650 1675 conuertit
1704 1611 1774 1675 in
1819 1633 1904 1692 se,
1961 1617 2250 1676 correcta
2303 1612 2521 1676 statim
2571 1616 2936 1676 castrorum

632 1717 996 1802 disciplina,
1050 1739 1305 1800 unoque
1362 1722 1427 1781 et
1473 1717 1675 1782 altero
1725 1717 1969 1800 proelio
2018 1722 2150 1781 tam
2200 1722 2575 1782 constanter
2620 1719 2804 1803 inim,
2859 1725 2938 1782 ut

634 1827 699 1888 in
748 1825 1231 1910 oppugnatione
1280 1823 1523 1888 castelli
1571 1824 1805 1908 lapidis
1854 1824 2053 1887 ictum
2103 1846 2272 1910 genu
2312 1829 2624 1908 scutoque
2663 1825 2938 1909 sagittas

632 1931 886 2014 aliquot
931 1931 1269 2015 exceperit.

810 2037 968 2100 Post
1012 2037 1337 2102 Neronem
1385 2035 1782 2121 Galbamque
1830 2036 2084 2102 Othone
2131 2059 2206 2102 ac
2243 2036 2516 2102 Vitellio
2567 2039 2644 2102 de
2689 2039 2934 2122 princi·
2973 2059 3032 2099 ιε

631 2149 788 2227 patu
846 2144 1239 2209 certantibus
1298 2146 1366 2208 in
1422 2166 1603 2228 spem
1661 2145 1890 2228 inperii
1939 2147 2120 2209 uenit
2169 2146 2299 2208 iam
2345 2144 2595 2231 pridem
2644 2145 2768 2209 sibi
2815 2167 2938 2229 per

632 2251 790 2314 haec
837 2255 1090 2315 ostenta
1136 2256 1529 2335 conceptam.

810 2356 887 2422 In
923 2359 1289 2422 suburbano
1322 2357 1691 2423 Flauiorum
1731 2381 2002 2442 quercus
2042 2359 2328 2442 antiqua,
2369 2380 2532 2442 quae
2571 2362 2706 2422 erat
2735 2358 2932 2422 Marti

633 2485 825 2547 sacra,
887 2486 1004 2546 per
1059 2468 1191 2528 tres
1238 2463 1583 2547 Vespasiae
1646 2469 1868 2548 partus
1932 2465 2226 2550 singulos
2291 2470 2554 2550 repente
2616 2487 2828 2529 ramos
2893 2488 2933 2528 a

632 2570 863 2634 frutice
911 2569 1102 2652 dedit,
1148 2571 1320 2634 haud
1366 2571 1562 2635 dubia
1610 2573 1794 2658 signa
1839 2572 2044 2636 futuri
2094 2574 2406 2658 cuiusque
2452 2572 2599 2636 fati:
2646 2573 2928 2655 primum
2967 2593 3030 2631 20

632 2678 862 2741 exilem
911 2681 974 2740 et
1022 2678 1150 2742 cito
1192 2679 1559 2760 arefactum,
1606 2679 1877 2762 ideoque
1926 2679 2140 2761 puella
2175 2684 2328 2743 nata
2363 2701 2492 2743 non
2531 2681 2930 2763 perannauit,

632 2786 977 2848 secundum
1018 2785 1459 2868 praeualidum
1497 2806 1571 2849 ac
1608 2786 1936 2868 prolixum
1977 2790 2038 2848 et
2081 2786 2194 2867 qui
2225 2807 2521 2870 magnam
2552 2786 2928 2848 felicitatem

630 2891 1060 2974 portenderet,
1089 2893 1351 2954 tertium
1381 2913 1535 2955 uero
1567 2892 1769 2955 instar
1799 2892 2066 2956 arboris.
2134 2913 2328 2975 quare
2347 2895 2596 2975 patrem
2617 2888 2931 2954 Sabinum

775 3040 939 3100 4sqq.
974 3033 1154 3084 Victor
1185 3031 1332 3085 Caes.
1372 3036 1425 3094 8,
1450 3036 1477 3084 1
1508 3031 1841 3083 Iudaeorum
1877 3031 2045 3096 bello,
2085 3031 2236 3098 quod
2265 3029 2509 3083 Neronis
2549 3031 2706 3083 iussu
2743 3047 2930 3083 susee-

630 3116 807 3180 perat.
847 3114 917 3178 cf.
952 3113 1099 3166 Oros.
1137 3113 1256 3164 VII
1289 3116 1396 3176 9,3
1434 3111 1505 3163 ad
1543 3109 1645 3164 hos
1676 3111 1953 3178 (Iudaeos)
1983 3110 2363 3178 Vespasianus
2405 3127 2439 3164 a
2468 3109 2687 3164 Nerone
2725 3110 2930 3163 missus

631 3193 809 3260 (Hie-r.
840 3194 1021 3246 chron.
1052 3211 1103 3247 α.
1134 3196 1317 3259 2084).
1466 3196 1494 3244 ’1
1546 3192 1728 3245 Victor
1767 3193 1916 3246 Caes,
1948 3195 2002 3256 8,
2029 3195 2062 3244 4
2107 3190 2479 3258 Vespasianus
2518 3207 2669 3244 noua
2706 3193 2932 3244 senator

632 3272 852 3326 familia
1022 3271 1301 3324 industria
1346 3271 1623 3338 rebusque
1673 3272 1830 3338 pacis
1879 3287 1944 3324 ac
1991 3269 2233 3323 militiae
2283 3269 2452 3339 longe
2497 3270 2704 3324 nobilis
2755 3270 2930 3324 habe-

632 3354 815 3408 batur.
889 3355 956 3420 ef.
997 3354 1072 3406 ad
1104 3372 1163 3422 p.
1196 3357 1321 3416 306,
1353 3356 1385 3404 3
1585 3357 1615 3403 8
1639 3368 1758 3418 sqq.
1802 3352 1951 3404 Oros.
1986 3353 2104 3404 VII
2137 3357 2188 3416 9,
2219 3356 2252 3406 3
2299 3350 2492 3404 Titum
2539 3350 2718 3404 filium
2767 3368 2928 3403 suum

633 3433 899 3487 maiorem
938 3434 1086 3485 inter
1123 3432 1339 3501 legatos
1376 3431 1601 3497 habuit;
1660 3448 1791 3484 nam
1837 3430 2044 3483 multas
2097 3432 2155 3483 et
2191 3430 2414 3484 ualidas
2450 3429 2702 3500 legiones
2741 3447 2930 3484 secum

633 3513 693 3565 in
732 3512 950 3580 Syriam
987 3513 1225 3565 traiecit.
1376 3517 1436 3564 11
1477 3513 1545 3578 cf.
1589 3513 1824 3580 Eutrop.
1867 3512 1990 3564 VII
2026 3516 2117 3576 20,
2140 3517 2169 3564 1
2218 3510 2462 3580 diligens
2507 3552 2518 3565 .
2551 3553 2564 3564 .
2597 3553 2608 3563 .
2661 3511 2933 3564 coercitor

634 3591 967 3661 disciplinae
1004 3592 1264 3644 militaris
1304 3593 1392 3660 (ef.
1434 3609 1552 3660 cap.
1580 3596 1654 3658 8).

777 3723 806 3770 1
847 3719 1045 3783 postea
1079 3717 1255 3769 uentu
1294 3718 1389 3781 M,
1442 3717 1650 3770 euentu
1687 3719 1884 3784 postea
1923 3720 1985 3770 H
2018 3721 2179 3785 (pars
2215 3716 2357 3783 edd.)
2575 3715 2841 3784 apparuit
2879 3719 2930 3782 δ,

632 3796 819 3866 patuit
848 3813 880 3854 ς
1018 3803 1047 3848 2
1078 3795 1430 3848 debellarunt
1474 3799 1527 3860 Γ,
1563 3795 1905 3850 rebellarant
1929 3798 2166 3866 Bentley
2304 3801 2334 3848 5
2365 3813 2490 3848 cum
2521 3795 2666 3868 (et)
2697 3797 2932 3867 Bentley

634 3883 661 3929 7
693 3876 1005 3929 industriae
1035 3879 1296 3944 expertae
1324 3876 1449 3946 HQ,
1488 3875 1767 3929 industria
1797 3876 2013 3944 experti
2045 3878 2118 3929 M
2119 3877 2192 3941 R,
2228 3875 2512 3928 industria
2541 3880 2801 3944 expertus
2825 3875 2938 3929 GK

632 3963 663 4010 9
701 3957 1018 4026 legionibus
1057 3956 1273 4010 duabus
1312 3963 1362 4010 et
1398 3964 1513 4010 tum
1551 3956 1943 4010 coherentibus
1991 3957 2040 4010 G
2188 3961 2254 4008 10
2291 3955 2644 4024 prouinciam
2683 3954 2928 4028 (suam)

635 4038 701 4093 G.
734 4037 939 4092 Becker
1119 4043 1183 4090 12
1221 4053 1333 4089 uno
1373 4053 1595 4104 quoque
1626 4037 1732 4106 HQ
1771 4038 1966 4107 (moly.)
2152 4041 2215 4090 13
2256 4035 2373 4088 ictu
2409 4035 2482 4088 M
2659 4038 2930 4104 scutoque

634 4119 871 4189 sagittas
902 4123 960 4171 X
983 4119 1301 4186 (acutosque
1328 4118 1446 4185 L¹)‚
1486 4120 1643 4170 scuto
1673 4117 2026 4186 sagittasque
2060 4118 2144 4182 M,
2184 4118 2454 4182 scutoque
2484 4114 2836 4184 sagittasque
2861 4116 2928 4180 G,

632 4203 790 4253 scuto
831 4198 1068 4267 sagittas
1110 4201 1159 4250 Τ
1194 4199 1402 4268 (nuely),
1444 4199 1600 4250 scuto
1639 4197 1878 4266 sagittas
1917 4197 2226 4268 <quo>que
2265 4195 2533 4250 Bt‘t‘eheler
2679 4201 2744 4248 18
2783 4211 2930 4262 quae

632 4281 840 4351 H²QR,
872 4286 997 4348 post
1034 4293 1193 4331 sacra
1228 4278 1386 4331 habet
1413 4277 1468 4342 S,
1498 4284 1627 4345 post
1665 4280 1784 4330 erat
1814 4280 1978 4345 ponit
2006 4278 2256 4346 Bentley,
2293 4292 2392 4329 om.
2423 4277 2515 4330 rel.
2547 4277 2658 4344 (a),
2695 4275 2824 4328 inde
2861 4291 2932 4328 ea

626 4368 751 4428 post
796 4377 954 4413 sacra
997 4359 1175 4427 suppl.
1221 4359 1287 4412 G.
1319 4358 1547 4422 Becker,
1600 4373 1745 4424 quae
1793 4360 1915 4410 erat
1959 4357 2016 4409 in
2067 4359 2269 4425 optimo
2315 4357 2429 4411 eod.
2479 4357 2654 4410 deesse
2702 4361 2932 4410 testatur

640 4443 790 4495 Torr.
830 4441 1066 4507 deletque
1112 4439 1342 4492 Ernesti
1504 4443 1569 4490 19
1625 4439 1858 4505 repente
1894 4454 1995 4491 om.
2035 4441 2093 4490 X
2124 4437 2272 4506 (add.
2306 4436 2406 4504 L')
2579 4453 2650 4488 an
2695 4434 2929 4489 frutices

633 4521 881 4588 Lepsim,
921 4535 954 4571 a
990 4518 1187 4572 fomite
1228 4518 1478 4584 GujetuS,
1516 4533 1551 4570 a
1584 4517 1776 4570 radice
1817 4519 2048 4586 Bentley
2191 4521 2258 4570 20
2299 4516 2479 4570 edidit
2516 4516 2751 4586 Bentley
