3259 5209
1100 475 1157 531 C.
1195 473 1554 530 CALIGVLA
1595 486 1726 535 [car.
1755 487 1878 535 4—8]
2513 473 2640 562 165

346 656 635 719 pressam
700 635 917 701 Tiberi
994 639 1358 722 saeuitiam,
1428 659 1593 721 quae
1656 658 1809 702 mox
1881 637 2176 723 eruperit.
2276 636 2506 701 habuit
2570 638 2637 700 in
2672 635 2709 701 7

346 742 761 808 matrimonio
806 742 1264 830 Agrippinam,
1310 743 1395 808 M.
1434 743 1763 829 Agrippae
1811 748 1876 808 et
1918 741 2120 808 Iuliae
2163 743 2394 828 filiam,
2454 747 2518 807 et
2563 765 2642 807 ex

349 870 424 912 ea
482 871 717 915 nouem
777 850 1019 917 liberos
1077 852 1253 917 tulit:
1320 873 1591 935 quorum
1660 850 1786 915 duo
1852 850 2126 915 infantes
2194 849 2402 915 adhuc
2455 850 2642 934 rapti,

350 977 519 1020 unus
565 957 691 1020 iam
737 979 1119 1043 puerascens
1166 958 1406 1044 insigni
1452 956 1824 1041 festiuitate‚
1869 959 2050 1022 cuius
2087 956 2368 1042 effigiem
2415 955 2644 1020 habitu

294 1089 321 1128 s
352 1059 691 1146 Cupidinis
737 1063 804 1127 in
849 1063 1005 1128 aede
1054 1062 1453 1150 Capitolinae
1490 1063 1762 1128 Veneris
1809 1063 1993 1127 Liuia
2040 1063 2379 1148 dedicauit,
2424 1061 2644 1150 Augu—

351 1173 488 1233 stus
545 1169 611 1231 in
666 1169 963 1236 cubiculo
1020 1193 1134 1237 suo
1182 1171 1485 1255 positam,
1542 1171 1968 1254 quotiensque
2013 1171 2338 1250 introiret,
2385 1191 2645 1235 exoscu-

348 1274 629 1360 labatur;
686 1277 881 1342 ceteri
929 1279 1304 1361 superstites
1358 1278 1529 1363 patri
1576 1278 1863 1356 fuerunt,
1919 1281 2049 1341 tres
2096 1298 2286 1341 sexus
2332 1276 2646 1360 feminini,

354 1381 717 1468 Agrippina
761 1381 1051 1448 Drusilla
1094 1384 1355 1465 Liuilla,
1412 1385 1718 1449 continuo
1773 1384 2052 1449 triennio
2107 1389 2320 1469 nata03
2375 1382 2646 1448 totidem

353 1511 559 1553 mares
569 1539 587 1572 ‚
648 1487 825 1554 Nero
881 1494 947 1553 et
991 1490 1241 1557 Drusus
1298 1494 1363 1557 et
1418 1489 1483 1555 C.
1524 1489 1770 1555 Caesar.
1861 1489 2185 1556 Neronem
2241 1496 2306 1555 et
2359 1490 2646 1556 Drusum

266 1621 325 1662 ιο
352 1599 612 1659 senatus
658 1593 915 1661 'I'iberio
962 1598 1343 1662 criminante
1386 1597 1607 1663 hostes
1655 1597 1979 1663 iudicauit.

533 1700 599 1766 C.
632 1701 862 1767 Caesar
904 1709 1095 1768 natus
1132 1709 1231 1768 est
1266 1703 1471 1789 pridie
1510 1703 1651 1768 Kal.
1683 1703 1854 1789 Sept.
1895 1709 2077 1788 patre
2113 1726 2230 1771 suo
2278 1708 2344 1770 et
2382 1703 2447 1770 O.
2477 1703 2640 1769 Fon·
2674 1701 2716 1768 8

354 1810 485 1875 teio
544 1808 854 1894 Capitone
912 1831 1069 1876 coss.
1162 1811 1275 1875 ubi
1330 1815 1518 1877 natus
1575 1813 1685 1890 sit,
1742 1812 2054 1876 incertum
2112 1812 2449 1877 diuersitas
2512 1817 2847 1876 tra-mnino

356 1917 639 1980 dentium
690 1915 867 1981 facit.
952 1915 1061 1982 Cn.
1110 1917 1422 1984 Lentulus
1471 1916 1840 1984 Gaetulicus
1887 1917 2111 1983 Tiburi
2157 1919 2448 2006 genitum
2496 1919 2644 1983 scri-

354 2022 479 2105 bit,
550 2022 798 2088 Plinius
872 2021 1201 2088 Secundus
1266 2025 1333 2088 in
1396 2023 1688 2089 Treueris
1767 2025 1913 2089 uico
1976 2022 2385 2090 Ambitaruio
2452 2047 2646 2109 supra

272 2153 327 2194 ιε
356 2128 795 2213 Confluentes3
868 2129 1043 2194 addit
1116 2131 1309 2195 etiam
1377 2153 1498 2215 pro
1574 2135 1954 2217 argumento
2019 2152 2160 2195 aras
2234 2130 2325 2195 ibi
2399 2130 2650 2195 ostendi

356 2236 698 2320 inscriptas
753 2252 843 2301 on
898 2253 1320 2302 AGRIPPINAE
1385 2255 1850 2302 vaupsmvu.
1936 2237 2235 2302 uersiculi
2295 2238 2650 2322 imperante

354 2365 508 2408 mox
554 2365 629 2408 eo
671 2343 991 2431 diuulgati
1028 2345 1197 2430 apud
1234 2339 1533 2409 hibernas
1570 2339 1858 2432 legiones
1903 2350 2306 2429 procreatum
2364 2344 2649 2409 indicant

355 2451 469 2532 <F
466 2449 589 2514 PR
621 2473 689 2533 p.
718 2452 911 2534 361>:

536 2557 612 2622 in
657 2558 938 2623 castris
982 2562 1236 2642 natus,
1283 2559 1562 2642 patriis
1608 2559 1955 2622 nutritus
2003 2559 2079 2622 in
2125 2559 2382 2642 armis,

274 2687 329 2727 ιο
679 2664 825 2728 iam
871 2664 1259 2751 designati
1306 2665 1688 2750 principis
1738 2687 1951 2731 omen
1998 2671 2174 2730 erat.

356 2792 477 2857 ego
532 2771 601 2836 in
656 2771 817 2836 actis
872 2770 1030 2836 Anti
1086 2771 1331 2836 editum
1397 2772 1675 2836 inuenio.
1769 2770 2172 2837 Gaetulicum
2227 2772 2467 2838 refellit
2521 2772 2646 2836 Pli-
2689 2787 2720 2834 2

356 2877 503 2942 nius
558 2877 741 2960 quasi
793 2879 1135 2943 mentitum
1190 2901 1305 2962 per
1361 2877 1821 2961 adulationem,
1876 2883 1948 2943 ut
2005 2879 2084 2942 ad
2128 2878 2350 2944 laudes
2398 2879 2650 2944 iuuenis

358 2985 753 3070 gloriosique
788 2985 1098 3069 principis
1146 2985 1389 3069 aliquid
1436 2987 1628 3050 etiam
1679 3007 1756 3050 ex
1810 2985 1968 3050 urbe
2018 2984 2277 3051 Herculi
2327 3005 2506 3050 sacra
2553 3008 2652 3050 su-

356 3095 586 3173 meret,
652 3091 1047 3176 abusumque
1116 3093 1454 3157 audentius
1518 3093 1884 3174 mendacio,
1960 3093 2134 3177 quod
2199 3097 2345 3156 ante
2411 3113 2650 3156 annum

279 3218 330 3260 25
358 3199 491 3262 fere
536 3202 726 3263 natus
782 3196 1160 3265 Germanico
1216 3199 1385 3263 filius
1432 3198 1656 3263 Tiburi
1703 3201 1938 3281 fuerat,
1995 3200 2353 3284 appellatus
2400 3203 2464 3263 et
2512 3199 2650 3283 ipse

363 3303 427 3368 C.
461 3303 709 3388 Caesar,
754 3304 831 3369 de
880 3305 1061 3370 cuius
1108 3305 1369 3370 amabili
1406 3305 1685 3390 pueritia
1721 3307 2192 3390 immaturoque
2232 3306 2418 3370 obitu
2455 3328 2650 3391 supra

361 3412 641 3476 diximus
676 3413 765 3495 (c.
796 3415 895 3496 7>.
960 3411 1242 3478 Plinium
1280 3413 1495 3498 arguit
1541 3413 1707 3477 ratio
1747 3417 2127 3497 temporum.
2203 3435 2350 3477 nam
2398 3413 2646 3496 quires
2691 3423 2722 3472 3

359 3517 644 3605 Augusti
688 3520 1030 3583 memoriae
1078 3519 1491 3602 mandarunt,
1545 3517 1994 3584 Germanicum
2041 3523 2267 3584 exacto
2314 3519 2652 3584 consulatu

362 3625 425 3690 in
487 3623 761 3690 Galliam
824 3625 1092 3690 missum
1157 3626 1567 3690 consentiunt
1635 3626 1762 3688 iam
1827 3632 1978 3690 nato
2037 3624 2216 3690 Gaio.
2309 3646 2427 3691 nec
2482 3625 2653 3690 Plini

276 3753 333 3792 ³⁰
362 3732 729 3815 opinionem
777 3731 1112 3815 inscriptio
1152 3755 1297 3796 arae
1335 3731 1678 3815 quicquam
1718 3732 2051 3814 adiuuerit,
2099 3753 2244 3796 cum
2285 3732 2650 3817 Agrippina

508 3940 571 3986 11
612 3935 681 3999 cf.
720 3933 948 4002 Lampr.
982 3935 1178 3988 Comm.
1210 3937 1355 3998 10,2
1390 3936 1461 4003 (1,
1481 3936 1537 4002 2)

507 4127 538 4173 ‘2
577 4121 636 4174 ct
672 4136 739 4174 ex
784 4123 897 4186 YT,
934 4137 1000 4173 ex
1038 4121 1150 4186 rel,
1188 4139 1263 4174 an
1299 4119 1473 4173 reete?
1619 4126 1652 4170 4
1690 4135 2022 4188 puerascens
2060 4119 2184 4174 ‘PL'
2223 4122 2330 4188 (ze-el
2360 4121 2474 4187 L2),
2513 4137 2654 4189 puer

360 4215 597 4254 nascens
632 4201 727 4255 rel.
767 4203 927 4268 (puer
961 4199 1170 4271 insigni
1207 4217 1441 4254 nascens
1474 4201 1543 4268 G)
1691 4205 1721 4251 6
1761 4200 2259 4267 quotienscumque
2297 4200 2655 4270 HQL²P²T6

362 4281 501 4350 (edd.
536 4283 663 4350 net.)
838 4281 1202 4334 exosculabat
1241 4281 1403 4334 MG&
1579 4285 1609 4331 9
1649 4280 1810 4348 gaius
1839 4284 1898 4332 X
2070 4287 2128 4333 11
2173 4279 2228 4332 C.
2267 4299 2368 4334 om.
2405 4281 2657 4350 GLPSQ

362 4364 499 4428 (tum
536 4377 669 4415 assa
706 4360 776 4427 G)
916 4367 981 4413 14
1020 4360 1357 4414 ambitarino
1389 4359 1633 4420 LSTw,
1673 4361 1818 4412 -riuo
1859 4362 2072 4429 (potius
2110 4378 2272 4428 quam
2311 4361 2476 4430 -ruio)
2521 4361 2657 4430 H¹Q

367 4446 427 4494 17
467 4439 707 4494 hiberna
732 4439 1018 4510 legionum
1050 4441 1355 4495 Beroaldus
1383 4441 1453 4493 al.
1605 4445 1668 4491 19
1701 4441 1865 4492 natus
1892 4440 2110 4508 patriis,
2149 4439 2392 4493 nutritus
2425 4441 2654 4510 Bentley

363 4528 429 4574 21
468 4521 641 4574 refert
666 4524 727 4574 X
841 4519 1053 4588 primus
1088 4522 1138 4575 G
1266 4525 1331 4572 23
1372 4517 1600 4573 hercula
1631 4521 1753 4584 Mo,
1805 4519 2030 4574 hercule
2068 4523 2142 4591 (-e
2166 4522 2236 4586 L)
2281 4521 2428 4574 LPS
2569 4537 2656 4573 sa-

364 4604 521 4654 crata
552 4601 601 4656 G
749 4605 814 4652 25
852 4598 1023 4653 fuerit
1056 4601 1174 4665 GT,
1213 4599 1553 4672 (mortuus)
1592 4598 1780 4652 fuerat
1817 4600 1998 4669 Bergk
