3259 5209
1098 449 1431 504 TIBERIVS
1470 460 1599 510 [cn.
1632 460 1806 509 50—61]
2475 447 2601 511 153

295 635 436 702 cer3
494 613 1001 680 animaduersum
1052 615 1119 678 in
1167 613 1477 698 quosdam
1524 613 1786 676 ineunte
1835 633 2000 676 anno
2046 632 2236 676 nono.
2319 610 2599 676 accusati

295 722 718 804 damnatique
782 721 972 785 multi
1037 741 1179 786 cum
1254 720 1478 786 liberis
1547 725 1742 802 atque
1805 719 1998 784 etiam
2063 741 2102 783 a
2165 717 2384 782 liberis
2450 717 2599 781 suis.

298 829 720 893 interdictum
776 849 856 892 ne
914 829 1123 912 capite
1179 827 1513 892 damnatos
1560 825 1908 911 propinqui
1955 825 2266 911 lugerent.
2349 825 2602 888 decreta

298 934 787 1000 accusatoribus
850 935 1201 1018 praecipua
1261 933 1573 1019 praemia,
1636 955 2117 1016 nonnumquam
2182 936 2247 995 et
2311 929 2600 996 testibus.

239 1071 265 1107 5
298 1042 548 1105 nemini
604 1040 961 1105 delatorum
1015 1040 1173 1106 fides
1230 1041 1556 1125 abrogata.
1641 1061 1830 1105 omne
1887 1039 2124 1103 crimen
2172 1059 2289 1121 pro
2339 1037 2602 1122 capitali
2641 1055 2675 1102 3

296 1154 662 1232 receptum,
725 1149 917 1212 etiam
980 1169 1333 1231 paucorum
1398 1145 1914 1231 simpliciumque
1973 1145 2336 1210 uerborum.
2431 1143 2602 1208 obie-

300 1259 482 1319 ctum
540 1260 637 1319 est
690 1259 947 1338 poetae,
1002 1256 1175 1338 quod
1230 1254 1297 1318 in
1352 1253 1686 1340 tragoedia
1739 1251 2289 1339 Agamemnonem
2346 1251 2602 1335 probris

298 1359 691 1445 lacessisset3
745 1359 1068 1424 obiectum
1125 1364 1190 1424 et
1240 1359 1580 1442 historico,
1637 1359 1810 1443 quod
1863 1359 2138 1422 Brutum
2185 1357 2604 1441 Cassiumque

302 1467 571 1530 ultimos
617 1465 1055 1532 Romanorum
1102 1467 1394 1550 dixisset3
1441 1465 1955 1531 animaduersum
2005 1466 2224 1530 statim
2272 1464 2339 1527 in
2389 1468 2604 1528 aucto-

218 1601 274 1640 ιο
304 1595 407 1637 res
454 1573 819 1657 scriptaque
864 1570 1133 1656 abolita,
1188 1574 1483 1656 quamuis
1532 1573 1968 1658 probarentur.
2005 1577 2154 1636 ante
2202 1570 2450 1654 aliquot
2495 1591 2604 1634 an-

302 1701 425 1744 nos
490 1679 684 1744 etiam
740 1679 1037 1766 Augusto
1104 1680 1399 1744 audiente
1453 1681 1736 1744 recitata.
1831 1678 2214 1763 quibusdam
2273 1677 2602 1742 custodiae
2639 1696 2675 1744 4

305 1787 560 1851 traditis
616 1808 747 1851 non
800 1786 992 1851 modo
1049 1786 1347 1851 studendi
1412 1785 1720 1851 solacium
1785 1785 2181 1870 ademptum,
2243 1783 2354 1848 sed
2411 1785 2602 1848 etiam

309 1894 619 1959 sermonis
674 1898 738 1957 et
792 1894 1097 1977 conloqui
1148 1915 1322 1958 usus.
1407 1893 1591 1959 citati
1646 1893 1728 1957 ad
1783 1913 2038 1957 causam
2087 1891 2418 1955 dicendam
2464 1912 2604 1974 par-

309 2001 427 2065 tim
465 2022 533 2066 se
570 2000 743 2064 domi
780 1999 1281 2065 uulnerauerunt
1316 2001 1473 2064 certi
1511 1999 1942 2064 damnationis
1979 2002 2047 2063 et
2079 1999 2160 2063 ad
2197 1998 2605 2062 uexationem

226 2135 279 2175 ιε.
310 2107 856 2195 ignominiamque
894 2107 1240 2191 uitandam,
1276 2107 1511 2191 partim
1550 2107 1617 2170 in
1655 2106 1866 2170 media
1894 2107 2070 2170 curia
2095 2127 2415 2170 uenenum
2451 2103 2608 2168 hau-

310 2219 556 2299 serunt;
612 2220 677 2278 et
728 2219 941 2279 tamen
1000 2214 1338 2300 conligatis
1394 2213 1772 2278 uulneribus
1829 2233 1903 2278 ac
1950 2213 2352 2277 semianimes
2399 2211 2605 2295 palpi-

310 2327 647 2405 tantesque
692 2321 901 2386 adhuc
952 2322 1018 2384 in
1065 2341 1379 2386 carcerem
1426 2319 1614 2404 rapti.
1697 2341 1887 2384 nemo
1935 2319 2311 2404 punitorum
2359 2339 2489 2382 non
2537 2318 2606 2380 in

314 2427 655 2493 Gemonias
710 2427 997 2492 abiectus
1052 2448 1345 2512 uncoque
1400 2431 1670 2510 tractus,
1735 2425 1970 2511 uiginti
2026 2447 2156 2489 uno
2213 2425 2314 2488 die
2371 2407 2608 2488 abiecti

312 2537 645 2620 tractique,
690 2535 859 2598 inter
895 2555 1003 2599 eos
1042 2533 1315 2598 feminae
1353 2537 1417 2598 et
1457 2533 1652 2618 pueri.
1727 2532 2106 2596 immaturae
2142 2531 2414 2615 puellae,
2452 2531 2606 2615 quia
2646 2551 2680 2598 5

234 2667 288 2708 ιο
314 2665 491 2707 more
546 2642 783 2708 tradito
840 2641 1019 2707 nefas
1074 2645 1247 2706 esset
1298 2640 1585 2727 uirgines
1643 2639 2063 2726 strangulari,
2115 2638 2385 2702 uitiatae
2433 2638 2613 2721 prius

316 2773 353 2813 a
399 2749 725 2828 carnifice,
781 2748 929 2813 dein
984 2746 1437 2834 strangulatae.
1520 2748 1688 2811 mori
1743 2746 2114 2812 uolentibus
2167 2746 2270 2809 uis
2322 2745 2615 2809 adhibita

313 2855 596 2921 uiuendi.
678 2877 830 2920 nam
874 2860 1147 2919 mortem
1196 2854 1354 2918 adeo
1399 2853 1543 2920 leue
1590 2853 1980 2938 supplicium
2018 2852 2311 2937 putabat,
2355 2857 2429 2915 ut
2468 2872 2614 2915 cum

318 2962 602 3028 audisset
648 2983 847 3027 unum
894 2983 929 3025 e
976 2961 1122 3045 reis,
1170 2959 1519 3025 Carnulum
1558 2962 1836 3043 nomine,
1883 2958 2268 3044 anticipasse
2308 2979 2465 3042 eam,
2510 2981 2616 3022 ex-

318 3069 717 3134 clamauerit:
758 3067 1135 3133 Carnulus
1173 3089 1285 3132 me
1322 3068 1588 3132 euasit.
1652 3071 1717 3130 et
1745 3066 1812 3130 in
1843 3065 2376 3152 recognoscendis
2407 3067 2617 3129 custo-

242 3202 295 3242 25
323 3177 445 3240 diis
492 3174 797 3262 precanti
828 3175 1081 3241 cuidam
1118 3196 1362 3259 poenae
1400 3174 1842 3237 maturitatem
1880 3172 2240 3257 respondit:
2289 3171 2616 3237 nondum

320 3287 567 3347 tecum
616 3283 691 3346 in
739 3282 1065 3366 gratiam
1114 3281 1324 3346 redii.
1409 3279 1746 3345 annalibus
1795 3280 1926 3344 suis
1972 3280 2077 3343 uir
2122 3277 2478 3344 consularis
2525 3279 2616 3341 in·
2657 3295 2692 3344 6

323 3390 539 3472 seruit,
582 3387 903 3473 frequenti
954 3387 1231 3473 quodam
1278 3387 1582 3452 conuiuio
1592 3437 1611 3472 ,
1659 3387 1762 3451 cui
1810 3391 1874 3451 et
1921 3387 2058 3470 ipse
2104 3386 2380 3468 affuerit,
2427 3384 2618 3450 inter-

467 3625 493 3671 1
536 3633 683 3670 nouo
711 3635 811 3672 om.
839 3617 889 3672 G
1033 3623 1065 3670 2
1096 3633 1223 3670 cum
1254 3615 1447 3669 liberis
1478 3618 1599 3684 (om.
1636 3615 1732 3685 ῼε,
1775 3632 1902 3668 cum
1931 3631 2032 3669 om.
2064 3617 2126 3667 H
2131 3614 2167 3682 ¹)
2187 3617 2256 3678 Ω,
2297 3629 2422 3667 cum
2452 3613 2621 3666 liber-

323 3697 395 3752 tis
424 3699 589 3764 Roth,
627 3714 755 3751 cum
784 3696 1117 3766 coniugibus
1147 3714 1179 3756 ς
1201 3697 1417 3765 (Polak)
1554 3711 1588 3748 a
1625 3695 1819 3749 liberis
1842 3696 1967 3750 ΜΘ
1981 3696 2043 3761 V,
2081 3693 2272 3748 liberis
2293 3697 2399 3748 ΧΤ
2417 3694 2623 3762 (Roth),

324 3777 589 3832 uxoribus
627 3795 661 3836 ς
699 3777 799 3845 (ed.
831 3777 987 3832 Rom.
1009 3777 1104 3843 ΙΙ,
1133 3778 1325 3848 ηαλμ),
1363 3794 1463 3831 om.
1497 3777 1639 3844 (cum
1666 3793 1769 3843 seq.
1800 3777 1935 3844 suis)
1966 3797 1996 3842 ρ
2145 3779 2172 3826 7
2215 3778 2620 3844 agamemnone

324 3876 457 3913 corr.
488 3873 557 3912 ex
593 3857 986 3926 agamemnoni
1028 3859 1099 3911 M
1135 3861 1221 3924 (m.
1258 3856 1377 3924 12),
1426 3871 1872 3924 agamennonem
1911 3859 2247 3922 (-menonem
2283 3855 2414 3922 LT)
2450 3854 2625 3920 GXY,

325 3941 745 4008 Agamemnone
774 3936 1171 4010 (principem)
1206 3936 1491 3991 G.Becker
1612 3936 1854 4005 propriis
1889 3936 2143 3990 MLPSe
2173 3938 2328 4004 (corr.
2353 3933 2465 4003 1³²),
2497 3951 2624 4002 pro-

324 4017 462 4072 briis
482 4017 549 4084 V,
569 4033 670 4072 om.
684 4020 745 4071 H
848 4023 880 4070 8
900 4017 1222 4071 incessisset
1240 4019 1349 4084 (uel
1360 4015 1769 4086 Agamemnoni
1790 4016 1994 4084 probra
2014 4015 2361 4084 ingessisset)
2375 4015 2625 4083 Bentley,

325 4099 633 4152 lacerasset
658 4097 893 4166 Lipsius
1038 4103 1099 4150 11
1144 4096 1400 4149 custodia
1431 4097 1505 4149 Μ
1515 4097 1625 4162 Vr,
1655 4095 1714 4147 in
1743 4094 1999 4147 custodia
2029 4096 2064 4146 δ
2211 4100 2277 4146 14
2316 4096 2373 4146 et
2401 4097 2458 4146 X
2461 4093 2494 4156 ',
2527 4093 2625 4146 sed

331 4179 532 4244 MG‘P,
580 4178 679 4232 sed
716 4180 774 4231 et
815 4178 1085 4232 Graevius
1309 4182 1371 4229 17
1410 4192 1523 4229 non
1562 4175 1620 4227 in
1653 4177 1737 4242 M,
1776 4191 1888 4227 non
1925 4177 1983 4228 et
2019 4175 2078 4226 in
2121 4177 2234 4240 rel„
2270 4176 2396 4240 fort.
2429 4175 2629 4227 rectius

331 4263 395 4313 18
432 4258 688 4312 obiectus
714 4261 770 4312 X
776 4257 790 4275 ‘
946 4275 1231 4311 warnerum
1252 4259 1359 4324 (xx·
1383 4257 1456 4324 R)
1494 4262 1810 4322 comcptum
1849 4261 2056 4322 putant
2098 4255 2260 4308 multi
2418 4252 2626 4306 abiecti

326 4338 610 4406 tractique
645 4339 745 4392 del.
784 4339 937 4392 Torr.
1061 4343 1128 4390 20
1166 4336 1473 4390 traditione
1508 4335 1592 4388 fas
1624 4337 1697 4389 M
1707 4336 1804 4400 Vct,
1843 4334 2168 4387 traditionis
2205 4334 2291 4386 fas
2325 4334 2374 4386 G
2485 4339 2554 4384 21
2593 4349 2628 4386 a

328 4435 427 4474 om.
454 4419 579 4474 ΜΘ
594 4419 711 4472 Vde
856 4423 922 4470 23
962 4417 1241 4471 carrulum
1269 4414 1459 4470 RP¹T
1599 4431 1723 4467 eam
1754 4417 1908 4482 (corr.
1937 4433 2007 4468 m.
2032 4420 2061 4467 1
2092 4432 2157 4467 ex
2190 4413 2319 4476 iam,
2359 4413 2461 4466 uix
2487 4415 2627 4481 tam)

328 4497 745 4552 exclamauerat
768 4499 843 4552 Μ
964 4503 1032 4550 24
1062 4497 1313 4550 can-ulus
1338 4498 1409 4550 Μ
1420 4496 1521 4550 VR
1531 4493 1745 4560 POST,
1767 4509 1922 4546 carn·
1944 4509 2066 4547 cum
2090 4495 2303 4563 GLHQ
2323 4495 2485 4546 etiam
2505 4493 2636 4546 HN

330 4583 396 4630 27
437 4577 721 4648 quoddam
747 4580 840 4643 M,
879 4577 1159 4647 quondam
1187 4577 1317 4644 G35,
1355 4576 1471 4629 edd.
1508 4576 1633 4630 Ven.
1658 4575 1698 4626 I
1729 4581 1777 4627 et
1807 4577 2096 4642 ple-raeque
2231 4572 2471 4626 affuerat
2514 4572 2559 4643 Q
