3259 5209
959 390 1175 445 DIVVS
1214 390 1670 446 VESPASIANV
1674 391 1710 445 S
1757 402 1890 452 [car.
1919 401 2042 452 5-1]
2516 390 2646 454 313

533 553 895 618 Plurimum
941 554 1186 638 coeptis
1234 555 1646 619 contulerunt
1691 554 1998 618 iactatum
2047 551 2376 638 exemplar
2413 553 2648 638 epistu-
2687 571 2720 618 4

353 661 454 724 lae
508 683 699 724 uerae
756 663 891 725 siue
946 659 1145 724 falsae
1206 661 1491 724 defuncti
1548 658 1823 724 Othonis
1883 659 1962 723 ad
2019 658 2488 743 Vespasianum
2545 681 2649 724 ex-

354 771 561 831 trema
606 767 1037 831 obtestatione
1084 769 1395 831 ultionem
1435 767 1800 831 mandantis
1837 771 1901 832 et
1939 771 2012 829 ut
2049 767 2142 834 rei
2178 790 2238 851 p.
2279 765 2652 831 subueniret

356 875 641 958 optantis
649 924 668 956 ,
734 873 928 938 simul
990 895 1211 938 rumor
1268 873 1615 957 dissipatus
1673 873 2026 938 destinasse
2081 873 2394 938 uictorem
2449 871 2651 938 Vitel-

298 1006 327 1046 ι
354 980 516 1044 lium
580 984 945 1064 permutare
1011 980 1281 1044 hiberna
1334 979 1665 1065 legionum
1721 985 1786 1044 et
1843 979 2251 1044 Germanicas
2306 979 2652 1045 transferre

357 1087 427 1150 in
475 1085 803 1153 Orientem
851 1087 931 1151 ad
978 1087 1363 1152 securiorem
1424 1086 1914 1170 mollioremque
1958 1086 2276 1170 militiam,
2325 1092 2652 1171 praeterea

356 1215 433 1256 ex
494 1193 897 1276 praesidibus
952 1193 1436 1277 prouinciarum
1485 1193 1772 1258 Licinius
1819 1193 2154 1258 Mucianus
2202 1197 2267 1256 et
2313 1215 2346 1256 e
2392 1193 2654 1279 regibus

356 1298 761 1384 Vologaesus
800 1297 1104 1384 Parthus3
1152 1301 1260 1364 ille
1307 1299 1595 1384 deposita
1643 1299 1986 1384 simultate,
2033 1323 2226 1384 quam
2275 1301 2342 1364 in
2387 1300 2452 1364 id
2497 1305 2655 1364 tem-

357 1429 480 1490 pus
538 1429 614 1470 ex
662 1406 1091 1472 aemulatione
1136 1427 1268 1470 non
1316 1407 1587 1470 obscure
1632 1406 1916 1493 gerebat,
1973 1404 2308 1490 Syriacum
2355 1407 2656 1490 promisit

276 1539 333 1578 ιο
359 1515 731 1598 exercitum,
778 1513 886 1576 hic
934 1512 1357 1598 quadraginta
1403 1513 1583 1576 milia
1628 1513 2130 1599 sagittariorum.

540 1617 853 1702 Suscepto
895 1619 1095 1704 igitur
1134 1618 1311 1683 ciuili
1341 1619 1511 1682 bello
1540 1641 1614 1683 ac
1645 1618 1914 1684 ducibus
1945 1619 2276 1703 copiisque
2305 1621 2372 1684 iu
2399 1617 2655 1684 Italiam

359 1725 730 1809 praemissis
758 1725 1019 1789 interim
1054 1723 1504 1789 Alexandriam
1534 1727 1810 1810 transiit,
1839 1731 1911 1789 ut
1941 1725 2218 1789 claustra
2236 1724 2518 1812 Aegypti
2551 1749 2660 1811 op-

361 1834 609 1896 tineret.
686 1832 793 1896 hic
820 1852 965 1896 cum
998 1831 1075 1895 de
1103 1832 1407 1894 firmitate
1437 1831 1694 1915 imperii
1723 1835 2025 1915 capturus
2053 1831 2410 1915 auspicium
2439 1833 2658 1896 aedem

363 1937 688 2023 Serapidis
727 1938 1067 2002 summotis
1106 1937 1405 2001 omnibus
1444 1937 1619 2001 solus
1662 1939 1963 2002 intrasset
1999 1959 2072 2002 ac
2108 1939 2461 2022 propitiato
2498 1939 2658 2003 mul-

281 2069 332 2110 ιε
361 2048 501 2108 tum
542 2045 659 2108 deo
698 2044 953 2108 tandem
996 2065 1063 2108 se
1101 2045 1543 2127 conuertisset,
1588 2044 1901 2109 uerbenas
1944 2066 2340 2129 coronasque
2383 2050 2448 2110 et
2483 2046 2660 2129 pani-

362 2149 525 2232 ficia,
554 2155 627 2214 ut
646 2151 782 2215 illic
802 2149 1053 2233 assolet,
1082 2149 1395 2214 Basilides
1415 2149 1687 2214 libertus
1709 2150 2018 2215 obtulisse
2039 2152 2098 2216 ei
2115 2153 2294 2216 uisus
2315 2156 2438 2236 est3
2469 2174 2657 2235 quem

360 2279 569 2340 neque
618 2257 969 2320 admissum
1016 2280 1053 2320 a
1101 2279 1423 2341 quoquam
1462 2261 1527 2320 et
1563 2258 1692 2322 iam
1729 2258 1974 2341 pridem
2013 2263 2280 2342 propter
2314 2281 2660 2323 neruorum

364 2364 791 2427 ualitudinem
840 2365 951 2426 uix
992 2363 1240 2449 ingredi
1278 2365 1601 2450 longeque
1641 2363 1863 2428 abesse
1902 2364 2256 2429 constabat.
2329 2386 2404 2429 ac
2441 2367 2661 2430 statim

364 2470 677 2534 aduenere
722 2469 977 2534 litterae
1024 2471 1199 2534 fusas
1248 2471 1416 2554 apud
1468 2469 1846 2535 Cremonam
1894 2471 2120 2534 Vitelli
2168 2471 2404 2556 copiaS,
2451 2472 2662 2555 ipsum

280 2603 337 2644 ιο
366 2579 435 2640 in
480 2576 639 2641 urbe
689 2577 1147 2661 interemptum
1192 2579 1581 2642 nuntiantes.

545 2683 919 2748 Auctoritas
976 2689 1039 2747 et
1100 2685 1282 2767 quasi
1342 2686 1642 2748 maiestas
1690 2685 2000 2769 quaedam
2046 2687 2122 2748 ut
2169 2684 2416 2749 seilicet
2461 2687 2664 2769 inopi-

364 2796 517 2854 nato
580 2795 643 2854 et
704 2789 913 2854 adhuc
975 2812 1148 2855 nouo
1210 2792 1489 2874 principi
1547 2781 1790 2876 deerat}
1850 2791 2006 2855 haec
2068 2813 2324 2875 quoque
2379 2792 2664 2856 accessit.

367 2920 402 2960 e
454 2897 643 2980 plebe
709 2897 967 2981 quidam
1028 2897 1382 2962 luminibus
1443 2898 1727 2978 orbatus,
1790 2899 1942 2962 item
2001 2898 2164 2962 alius
2224 2897 2420 2961 debili
2483 2919 2665 2961 crure

366 3003 691 3067 sedentem
739 3025 857 3087 pro
911 3003 1220 3068 tribunali
1266 3005 1509 3088 pariter
1554 3005 1850 3068 adierunt
1899 3009 2154 3068 orantes
2201 3025 2387 3088 opem
2433 3003 2665 3067 ualitu-

282 3135 341 3176 25
368 3109 503 3173 dini
550 3110 1050 3174 demonstratam
1097 3132 1133 3174 a
1173 3109 1477 3195 Serapide
1522 3133 1640 3194 per
1677 3113 1984 3194 quietem:
2031 3112 2479 3174 restituturum
2519 3132 2666 3175 ocu-

368 3216 484 3299 los,
550 3217 600 3279 si
668 3217 1046 3301 inspuisset3
1115 3218 1644 3281 confirmaturum
1710 3239 1873 3301 (εκ-ηε,
1939 3219 1992 3281 si
2059 3217 2434 3303 dignaretur
2496 3217 2666 3282 calce

369 3325 759 3410 contingere.
852 3345 997 3388 cum
1044 3325 1152 3386 uix
1210 3324 1367 3387 fides
1414 3328 1580 3388 esset
1626 3323 1763 3387 ullo
1811 3325 2001 3388 modo
2050 3347 2183 3388 rem
2233 3344 2668 3387 successuram

371 3433 582 3440 ——-—

515 3467 543 3514 7
594 3463 779 3517 Victor
818 3463 965 3516 Caes.
998 3468 1049 3528 9,
1073 3469 1143 3516 10
1190 3469 1249 3516 at
1298 3462 1444 3516 bello
1492 3479 1589 3516 rex
1637 3463 1970 3517 Parthorum
2007 3462 2318 3532 Vologesus
2365 3462 2424 3515 in
2470 3477 2669 3531 pacem

369 3547 599 3596 coactus
640 3543 790 3610 (inde
821 3545 1017 3610 paullo
1055 3545 1217 3597 aliter
1257 3545 1412 3611 Epit.
1445 3549 1498 3610 9,
1527 3547 1636 3610 12).
1859 3550 1922 3598 11
1964 3544 2150 3598 Victor
2181 3543 2329 3598 Caes.
2358 3547 2464 3608 8,5
2503 3542 2670 3596 huius

368 3622 686 3691 legatorum
724 3622 784 3674 in
812 3622 1037 3676 Italiam
1065 3627 1433 3691 transgressu.
1560 3629 1623 3676 12
1669 3625 1818 3679 Oros
1853 3624 1975 3678 VII
1996 3629 2050 3689 9,
2070 3629 2104 3677 3
2140 3639 2242 3692 per
2269 3622 2672 3676 Alexandriam

370 3702 657 3771 profectus
687 3704 773 3756 est
796 3703 1058 3768 Romam3
1098 3704 1196 3755 sed
1226 3703 1456 3772 cognita
1484 3703 1878 3757 interfectione
1898 3703 2096 3757 Vitelli
2124 3703 2413 3772 paulisper
2434 3702 2669 3756 Alexan-

372 3783 529 3836 driae
568 3781 826 3836 substitit
865 3784 1045 3852 (Hier.
1076 3785 1260 3837 chron.
1289 3802 1342 3838 a.
1370 3787 1522 3837 2085
1536 3791 1609 3851 α).
1761 3787 1828 3836 19
1871 3784 2054 3838 Victor
2091 3783 2240 3838 Caes.
2273 3788 2327 3850 8,
2349 3788 2381 3837 5
2420 3783 2671 3850 fusisque

374 3861 528 3931 apud
566 3861 896 3916 Cremonam
934 3864 1048 3916 suis
1087 3864 1467 3934 (Vitellianas).

495 3959 549 4040 ’2
579 3958 797 4060 ξεί-1115)
834 4003 1002 4040 uerae
1044 3989 1098 4043 0.
1130 3989 1199 4042 F.
1226 3989 1305 4042 W.
1342 3989 1551 4044 Maller
1752 3995 1784 4041 4
1821 3987 2101 4041 hortantis
2131 4005 2164 4046 ς
2201 3989 2298 4056 (sie
2335 3989 2424 4041 uel
2461 3986 2672 4040 orantis

376 4069 627 4138 Bentley)
776 4073 807 4120 6
846 4067 1245 4136 melioremque
1275 4085 1307 4127 ς
1464 4075 1491 4122 7
1533 4068 1887 4121 municianus
1918 4071 1972 4120 X
2121 4072 2153 4120 8
2190 4067 2488 4135 uologesus
2529 4065 2678 4120 GTS

378 4153 442 4201 12
480 4147 688 4200 transit
724 4148 879 4203 LST
918 4150 1051 4216 (non
1089 4150 1158 4216 P)
1380 4155 1443 4201 13
1484 4148 1815 4202 infirmitate
1857 4148 1960 4218 GQ
2176 4153 2242 4199 15
2295 4163 2354 4201 se
2399 4163 2501 4200 om.
2543 4145 2677 4216 Πᾮ

377 4233 442 4280 16
480 4227 779 4281 bassilides
812 4229 907 4281 Με
1055 4227 1292 4282 libert-us
1331 4230 1431 4282 del.
1480 4231 1651 4294 Torr„
1701 4227 1925 4281 uberius
1965 4229 2212 4297 Bentley,
2258 4225 2490 4279 liberius
2534 4225 2673 4280 Oud.

375 4307 463 4375 (cf.
512 4307 635 4361 Tae.
674 4308 797 4362 hist.
837 4309 936 4363 IV
958 4311 1052 4376 82)
1192 4313 1258 4362 18
1297 4308 1456 4379 gredi
1494 4315 1545 4362 et
1580 4308 1641 4360 in
1678 4325 1748 4362 ss,
1790 4310 1845 4363 R
1980 4324 2039 4361 se
2079 4307 2272 4360 abesse
2313 4307 2436 4371 Μδ,
2479 4305 2676 4358 abesse

374 4404 433 4440 se
472 4386 611 4442 11³1?
650 4389 705 4456 (a
744 4386 915 4457 longo
952 4391 1204 4457 tempore
1240 4406 1403 4457 posse
1443 4390 1696 4458 Bentley)
1860 4388 1948 4459 ac]
1989 4391 2046 4441 et
2085 4389 2158 4441 M
2327 4392 2392 4440 21
2434 4389 2497 4439 ut
2536 4385 2678 4438 solet

374 4467 488 4520 eod.
524 4468 673 4522 Torr.
824 4473 890 4520 :23
931 4468 1134 4522 debilis
1164 4469 1260 4528 Ης
1398 4475 1465 4521 24
1504 4469 1793 4522 sedentem
1831 4486 1931 4521 om.
1964 4469 2078 4523 HR
2219 4465 2556 4520 ualitudinis
2586 4469 2676 4566 11⁴7-

376 4551 444 4599 25
482 4547 539 4617 a]
579 4563 646 4601 ac
686 4549 762 4602 M
900 4554 967 4600 26
1008 4549 1054 4601 si
1094 4553 1243 4618 (post
1278 4549 1488 4618 oculos)
1526 4565 1627 4602 om.
1663 4549 1758 4602 M¹
