3259 5209
620 407 661 470 2
1323 406 1378 461 C.
1416 406 1733 461 SVETONI
1768 406 2216 472 TRANQVILLI

547 585 581 632 2
622 570 924 653 compelli
970 590 1007 632 a
1055 570 1366 635 dictatore
1409 568 1591 635 Sulla
1636 568 1771 634 ullo
1819 570 2011 635 modo
2059 572 2290 655 potuit.
2366 593 2561 654 quare
2607 574 2673 634 et
2718 592 2923 636 sacer·

621 676 816 743 dotio
847 680 911 739 et
951 676 1173 739 uxoris
1212 675 1362 741 dote
1399 681 1464 740 et
1503 676 1825 762 gentilicis
1862 674 2327 741 hereditatibus
2366 676 2677 741 multatus
2715 678 2923 741 diuer-

623 804 839 847 sarum
877 782 1158 865 partium
1195 780 1568 861 habebatur,
1605 787 1679 847 ut
1718 782 1912 847 etiam
1950 784 2271 848 discedere
2302 806 2335 848 e
2364 783 2576 848 medio
2607 787 2673 847 et
2701 806 2925 867 quam·

623 910 814 973 quam
863 888 1089 953 morbo
1138 894 1484 971 quartanae
1529 888 1921 974 adgrauante
1967 912 2167 973 prope
2212 912 2328 975 per
2373 890 2660 974 singulas
2699 894 2924 955 noctes

622 1000 1016 1059 commutare
1061 995 1340 1059 latebras
1389 1000 1727 1081 cogeretur
1772 1017 1966 1081 seque
2004 996 2083 1059 ab
2123 996 2612 1080 inquisitoribus
2649 999 2925 1082 pecunia

621 1100 986 1186 redimeret,
1064 1102 1266 1167 donec
1339 1124 1453 1186 per
1516 1103 1803 1188 uirgines
1867 1102 2161 1167 Vestales
2224 1126 2463 1187 perque
2527 1102 2919 1167 Mamercum

621 1207 972 1272 Aemilium
1039 1212 1103 1271 et
1157 1206 1492 1272 Aurelium
1552 1207 1809 1274 Cottam
1876 1210 2273 1293 propinquos
2339 1215 2404 1274 et
2468 1210 2708 1275 adfines
2772 1231 2924 1274 suos

553 1330 584 1376 3
623 1314 877 1378 ueniam
925 1313 1311 1397 impetrauit.
1405 1317 1560 1381 satis
1609 1320 1857 1380 constat
1905 1314 2177 1400 Sullam,
2238 1338 2383 1381 cum
2431 1316 2925 1399 deprecantibus

623 1420 1030 1485 amicissimis
1078 1425 1143 1485 et
1188 1423 1616 1486 ornatissimis
1664 1422 1823 1486 uiris
1870 1422 2263 1506 aliquamdiu
2311 1424 2689 1507 denegasset
2729 1428 2925 1507 atque

623 1528 718 1592 illi
757 1526 1172 1612 pertinaciter
1208 1529 1682 1611 contenderent,
1720 1534 2157 1613 expugnatum
2197 1529 2455 1593 tandem
2493 1529 2926 1613 proclamasse

625 1635 764 1699 siue
831 1635 1141 1698 diuinitus
1207 1636 1344 1698 siue
1409 1634 1624 1719 aliqua
1689 1636 2085 1700 coniectura:
2160 1636 2561 1725 uincerent
2624 1658 2708 1701 ac
2772 1636 2925 1700 sibi

621 1740 1021 1823 haberent,
1087 1741 1256 1805 dum
1314 1743 1535 1806 modo
1593 1743 1883 1806 scirent
1939 1765 2128 1823 eum,
2195 1764 2408 1826 quem
2464 1741 2925 1806 incolumem

621 1851 838 1910 tanto
898 1868 1127 1930 opere
1184 1853 1576 1931 cuperent,
1633 1848 2088 1933 quandoque
2144 1849 2636 1931 optimatium
2684 1849 2926 1931 parti-

622 1953 789 2037 bus,
846 1976 1030 2037 quas
1080 1975 1328 2017 secum
1375 1956 1606 2018 simul
1653 1953 2208 2037 defendissent,
2263 1955 2504 2018 exitio
2552 1956 2927 2039 futurum3

622 2082 788 2123 nam
838 2057 1146 2123 Caesari
1193 2061 1478 2124 multos
1525 2060 1809 2124 Marios
1857 2061 2129 2125 inesse.

552 2161 594 2226 2
805 2165 1140 2250 Stipendia
1203 2168 1412 2251 prima
1475 2166 1541 2229 in
1599 2166 1757 2230 Asia
1820 2167 1974 2230 fecit
2028 2166 2227 2231 Marci
2284 2167 2543 2231 Thermi
2607 2169 2925 2251 praetoris

625 2273 1070 2356 contuberni03
1135 2296 1173 2335 a
1238 2294 1365 2356 quo
1433 2273 1511 2336 ad
1577 2274 2019 2337 arcessendam
2085 2276 2347 2337 classem
2415 2274 2482 2337 in
2546 2274 2922 2357 Bithyniam

625 2381 856 2443 missus
912 2379 1157 2442 desedit
1213 2380 1380 2462 apud
1426 2378 1849 2461 Nicomeden,
1905 2401 2033 2443 non
2083 2381 2219 2444 sine
2264 2402 2519 2444 rumore
2563 2386 2926 2464 prostratae

624 2488 762 2572 regi
808 2486 1179 2569 pudicitia03
1228 2508 1417 2569 quem
1460 2508 1785 2550 rumorem
1825 2487 2006 2550 auxit
2042 2486 2211 2550 intra
2250 2508 2490 2569 paucos
2528 2508 2749 2551 rursus
2788 2487 2925 2552 dies

624 2593 902 2677 repetita
955 2592 1262 2675 Bithynia
1318 2616 1430 2675 per
1484 2615 1741 2656 causam
1798 2593 2146 2677 exigendae
2200 2594 2533 2677 pecuniae,
2600 2616 2761 2677 quae
2819 2592 2925 2657 de·-

627 2699 883 2763 beretur
921 2698 1173 2763 cuidam
1211 2698 1512 2763 libertino
1551 2698 1771 2763 clienti
1811 2721 1943 2764 su0.
2006 2699 2253 2782 reliqua
2290 2700 2522 2763 militia
2550 2699 2925 2763 secundiore

626 2805 798 2869 fama
851 2804 977 2869 fuit
1022 2809 1087 2869 et
1133 2828 1172 2868 a
1215 2804 1492 2869 Thermo
1541 2806 1610 2868 in
1658 2807 2133 2891 expugnatione
2180 2805 2639 2888 Mytilenarum
2688 2827 2927 2871 corona

553 2905 596 2970 3
630 2912 834 2976 ciuica
879 2912 1152 2976 donatus
1199 2915 1310 2975 est.
1385 2912 1620 2975 meruit
1666 2916 1731 2974 et
1770 2912 1887 2975 sub
1929 2910 2203 2976 Seruilio
2240 2910 2525 2976 Isaurico
2572 2912 2641 2976 in
2680 2912 2925 2995 Cilicia,

628 3019 737 3083 sed
792 3017 976 3082 breui
1026 3023 1330 3100 tempore.
1413 3040 1563 3081 nam
1611 3016 1828 3081 Sullae
1884 3024 2091 3112 morte
2148 3022 2499 3103 comperta,
2561 3018 2756 3083 simul
2811 3042 2925 3104 spe

626 3147 832 3189 nouae
898 3125 1340 3207 dissensionis,
1405 3146 1566 3207 quae
1629 3147 1746 3208 per
1800 3123 2087 3190 Marcum
2144 3124 2459 3208 Lepidum
2523 3126 2926 3207 mouebatur,

630 3232 902 3296 Romam
967 3252 1240 3313 propere
1301 3230 1466 3293 redit
1575 3235 1639 3294 et
1694 3230 1921 3314 Lepidi
1987 3230 2243 3314 quidem
2310 3233 2641 3315 societate,
2706 3254 2925 3316 quam-

631 3360 822 3422 quam
887 3339 1136 3423 magnis
1204 3336 1689 3401 condicionibus
1750 3339 2159 3420 inuitaretur,
2224 3338 2565 3420 abstinuit,
2631 3361 2775 3402 cum
2834 3342 2923 3403 in—

632 3445 820 3530 genio
879 3444 1013 3507 eius
1070 3443 1318 3506 diffisus
1376 3448 1512 3507 tum
1571 3445 1930 3525 occasione,
1999 3466 2192 3526 quam
2249 3446 2560 3509 minorem
2620 3446 2924 3529 opinione

552 3542 597 3608 4
630 3550 992 3614 offenderat.
1081 3555 1362 3614 ceterum
1411 3552 1768 3633 composita
1816 3551 2125 3614 seditione
2172 3550 2348 3614 ciuili
2389 3550 2757 3616 Cornelium
2796 3551 2926 3616 Do-

630 3670 811 3677 ——--
852 3670 935 3675 -...-

774 3722 838 3769 16
887 3718 955 3782 cf.
1000 3717 1120 3769 Viri
1165 3718 1242 3769 ill.
1287 3720 1375 3781 78,
1413 3722 1444 3769 1
1503 3716 1920 3770 contubernalis
1968 3717 2206 3769 Thermo
2261 3717 2320 3770 in
2369 3719 2561 3771 Asiam
2619 3718 2925 3788 profectus,

629 3815 756 3850 cum
805 3812 972 3865 saepe
1021 3796 1092 3848 ad
1141 3795 1483 3849 Nicomeden
1533 3814 1721 3865 regem
1766 3796 2067 3865 Bithyniae
2115 3800 2476 3861 commearet,
2534 3797 2925 3865 impudicitiae

629 3877 936 3929 infamatus
967 3879 1066 3930 est.
1195 3882 1260 3929 ‘29
1275 3894 1392 3944 sqq.
1428 3878 1556 3929 ibid.
1593 3882 1681 3942 70³,
1701 3881 1821 3943 2sq.
1853 3894 1980 3929 mox
2014 3876 2359 3930 Dolabellam
2388 3877 2597 3930 iudicio
2628 3878 2925 3946 oppressit.

630 3958 762 4010 dum
803 3956 1114 4009 studiorum
1154 3972 1322 4009 causa
1351 3956 1610 4008 Rhodum
1642 3957 1802 4024 petit,
1842 3972 1875 4009 a
1903 3956 2103 4025 piratis
2139 3959 2334 4024 captus
2366 3958 2561 4027 c<s>t3
2602 3958 2927 4026 redemptus

629 4038 854 4090 eosdem
893 4038 998 4107 [et]
1037 4038 1231 4105 postea
1271 4040 1464 4104 captos
1501 4036 1743 4104 puniuit.

776 4212 806 4259 3
845 4205 1058 4260 discere
1100 4206 1168 4257 M
1177 4206 1210 4269 ¹,
1248 4205 1560 4258 discederet
1593 4206 1878 4259 GPOST
2018 4210 2075 4258 et
2113 4222 2213 4258 om.
2248 4206 2298 4259 G
2442 4212 2474 4258 8
2513 4204 2831 4274 impetrarit
2865 4207 2926 4273 V,

632 4287 982 4355 perpetrauit
1021 4290 1075 4338 X
1117 4284 1168 4353 (t
1203 4284 1282 4337 im
1319 4302 1386 4339 ss,
1427 4286 1526 4352 L2)
1686 4290 1748 4338 11
1789 4284 2027 4337 uicerint
2067 4285 2171 4337 Μ’
2320 4290 2381 4337 17
2424 4286 2817 4339 accersendam
2855 4290 2927 4351 Ω,

630 4383 839 4418 arcess-
855 4368 926 4419 M
931 4365 949 4395 ²
1069 4371 1135 4418 18
1155 4368 1406 4436 prostate
1431 4367 1498 4419 M
1509 4364 1618 4416 ¹1⁷¹
1738 4370 1803 4417 23
1826 4369 1925 4418 est.
1957 4365 2185 4435 meruit]
2208 4366 2445 4418 emeruit
2458 4367 2526 4418 M
2536 4365 2603 4418 ’ὃ
2710 4364 2926 4434 lyciaG

629 4452 700 4498 2ss
730 4445 899 4498 rediit
936 4448 976 4499 1
989 4463 1022 4503 ς
1053 4447 1244 4515 “uuly.)
1355 4451 1419 4497 27
1453 4448 1572 4497 tum
1607 4443 1675 4497 ‘1²'
1711 4446 1789 4511 (in
1822 4446 1874 4499 R
1904 4462 2038 4497 cor-r.
2069 4464 2135 4499 ecc
2164 4463 2288 4498 cum
2323 4452 2380 4497 ut
2413 4447 2547 4513 uid.)
2666 4452 2734 4499 28
2765 4462 2927 4500 occa-

631 4526 775 4579 sioni
819 4526 1050 4579 Casaub.
1085 4532 1206 4594 post
1246 4528 1384 4580 alios

2956 1554 3011 1592 10

2956 2083 3007 2123 1⁶

2956 2616 3009 2655 20

2954 3148 3005 3187 25
