3259 5209
1143 479 1518 535 VITELLIVS
1557 492 1689 542 [cu.
1719 492 1903 558 ιιι-181
2537 479 2668 542 3Οὸ

367 647 433 708 et
480 665 673 707 caeno
722 643 1208 728 incessentibus‚
1256 644 1399 708 aliis
1446 643 1911 708 incendiarium
1959 647 2024 708 et
2067 643 2460 727 patinarium
2499 643 2671 708 noci-

368 748 743 832 ferantibuS‚
790 753 973 834 parte
1019 749 1201 835 uulgi
1250 750 1443 814 etiam
1492 751 1780 834 corporis
1827 749 1988 815 uitia
2031 750 2490 836 exprobrantez,
2536 754 2672 814 erat

370 856 541 920 enim
596 856 667 920 in
722 878 796 920 eo
852 857 1135 920 enormis
1189 856 1543 941 proceritas
1553 907 1571 940 ,
1626 857 1820 922 facies
1881 856 2110 921 rubida
2163 858 2546 942 plerumque
2591 879 2669 920 ex

369 961 757 1045 uinulentia‚
810 966 1039 1028 uenter
1094 963 1353 1048 obesus,
1409 963 1684 1028 alterum
1739 965 1952 1028 femur
2003 963 2338 1028 subdebile
2385 964 2672 1048 impulsu

314 1093 343 1134 ε
374 1067 529 1132 olim
580 1069 946 1155 quadrigae,
994 1091 1139 1134 cum
1186 1069 1511 1156 auriganti
1561 1069 1722 1135 Gaio
1769 1071 2275 1135 ministratorem
2323 1069 2670 1136 exhiberet.

369 1175 627 1242 tandem
702 1176 871 1258 apud
946 1175 1290 1240 Gemonias
1356 1177 1810 1242 minutissimis
1877 1176 2112 1241 ictibus
2187 1177 2671 1242 excarnificatus

371 1285 567 1366 atque
613 1283 943 1347 confectus
993 1287 1090 1346 est
1136 1287 1201 1346 et
1246 1282 1395 1348 inde
1440 1305 1607 1349 unco
1656 1288 1902 1348 tractus
1949 1283 2018 1348 in
2064 1282 2367 1348 Tiberim.

549 1387 753 1453 Periit
788 1409 934 1452 cum
981 1390 1181 1453 fratrc
1227 1394 1293 1454 ct
1338 1390 1475 1454 filio
1525 1411 1692 1454 anno
1741 1390 1912 1457 uitae
1961 1389 2235 1474 septimo
2276 1389 2667 1476 quinquage-
2685 1386 2776 1454 18

370 1495 561 1579 sim03
608 1515 727 1558 nec
771 1495 1004 1560 fefellit
1060 1495 1383 1561 coiectura
1428 1518 1649 1560 eorum
1698 1496 1808 1580 qui
1857 1496 2158 1581 auguste,
2205 1496 2378 1581 quod
2427 1497 2670 1562 factum

288 1628 345 1666 ιο
371 1601 431 1664 ei
469 1600 758 1666 Viennae
805 1602 1202 1666 ostendimus
1240 1603 1413 1685 (cap.
1453 1604 1552 1686 9),
1598 1624 1732 1668 non
1777 1603 1952 1666 aliud
1998 1603 2300 1687 portendi
2345 1603 2672 1689 praedixe-

370 1711 520 1771 rant
556 1729 747 1791 quam
786 1714 1128 1774 venturum
1168 1709 1234 1772 in
1274 1709 1545 1773 alicuius
1584 1708 1902 1774 Gallicani
1939 1709 2220 1774 hominis
2267 1714 2672 1794 potestatem,

371 1814 689 1898 siquidem
726 1815 808 1878 ab
846 1813 1133 1880 Antonio
1176 1815 1397 1880 Primo
1431 1816 1848 1908 aduersarum
1886 1815 2170 1901 partium
2209 1817 2366 1880 duce
2413 1839 2673 1901 oppres-

374 1943 483 1985 sus
532 1927 645 2003 est,
692 1921 797 1986 cui
834 1921 1106 1987 Tolosae
1151 1927 1304 1986 nato
1354 1905 1710 2007 cognomen
1759 1922 1829 1986 in
1866 1922 2144 2007 pueritia
2179 1922 2387 1987 Becco
2435 1923 2672 1986 fuerat:

372 2028 438 2091 id
488 2030 663 2092 ualet
705 2028 1044 2115 gallinacei
1091 2033 1387 2093 rostrum.

518 2225 551 2272 8
590 2221 826 2288 Eutrop.
866 2221 991 2276 VII
1010 2226 1096 2286 18,
1126 2225 1161 2274 6
1210 2221 1381 2290 periit
1419 2263 1431 2275 .
1466 2263 1478 2274 .
1508 2265 1521 2276 .
1561 2223 1762 2276 aetatis
1816 2237 1961 2276 anno
2013 2221 2252 2291 septimo
2290 2225 2348 2278 et
2397 2223 2672 2291 quinqua-

374 2300 605 2369 gesimo.
663 2302 819 2370 Epit.
841 2305 895 2367 8,
917 2305 951 2354 5
978 2302 1124 2354 uixit
1152 2319 1326 2355 annos
1356 2302 1770 2370 quinquaginta
1796 2305 2031 2370 septem.
2085 2304 2156 2369 cf.
2189 2303 2371 2357 Victor
2393 2303 2542 2358 Gaas.
2560 2307 2614 2368 8,
2637 2307 2674 2356 6

376 2396 549 2512 annols
600 2383 767 2434 natus
820 2382 1233 2451 quinquaginta
1280 2384 1337 2435 et
1391 2383 1609 2451 septem
1661 2382 2044 2451 (septuaginta
2094 2383 2152 2435 et
2202 2383 2451 2452 quinque
2495 2383 2674 2452 codd.)

376 2477 506 2528 amp
531 2477 635 2514 ius.

521 2627 551 2674 1
589 2621 1038 2676 incendinarium
1075 2624 1133 2676 et
1170 2621 1535 2691 platinarium
1566 2621 1617 2676 G
1764 2628 1798 2675 4
1835 2620 2148 2675 uinolentia
2179 2621 2394 2676 GX'I'N
2539 2622 2675 2675 olim

374 2701 623 2770 impulsu
656 2703 707 2758 G
816 2709 847 2756 5
886 2701 1325 2794 ministratorem
1354 2717 1413 2757 se
1447 2702 1714 2770 GPOET,
1751 2719 1810 2757 se
1848 2702 1983 2756 min.
2020 2703 2056 2754 ὃ
2164 2707 2195 2754 9
2234 2703 2356 2774 qui]
2397 2703 2494 2770 qui
2533 2702 2590 2755 in
2624 2703 2674 2757 G

377 2822 445 2870 10
483 2817 537 2871 ei
573 2835 675 2872 om.
706 2819 763 2872 P
918 2795 1168 2872 *ubnnae
1202 2819 1277 2872 M
1304 2819 1344 2887 (i
1382 2816 1593 2884 erasa?‚
1631 2818 1748 2871 iss.
1789 2835 1856 2871 m.
1894 2821 1951 2885 2)
2127 2823 2192 2870 14
2229 2817 2520 2887 gallinacii
2553 2818 2605 2872 G·

517 2899 718 2953 wbscr.
758 2915 803 2952 c.
833 2899 1052 2952 suetoni
1097 2897 1391 2966 tranquilli
1430 2899 1499 2951 de
1537 2897 1662 2951 uita
1709 2913 1914 2952 caesar.
1945 2896 2196 2951 uitellius
2235 2897 2432 2966 explic.
2471 2897 2676 2966 incipit

286 3000 293 3007 ·
374 2977 745 3045 nespasianus
771 2977 1014 3031 feliciter
1036 2979 1107 3032 M
1124 2985 1172 3033 et
1197 2980 1317 3032 sim.
1339 2978 1563 3032 GHRP
1587 2977 1850 3047 (feliciter
1877 2994 1979 3032 om.
2014 2977 2138 3043 GR,
2167 2977 2336 3046 incip.
2365 2993 2519 3045 uesp.
2548 2977 2673 3032 feli-

378 3057 519 3111 citer
536 3074 638 3111 om.
666 3060 737 3126 P)
848 3058 1079 3127 explicit
1109 3057 1352 3112 uitellus.
1399 3058 1600 3127 incipit
1626 3059 1992 3127 uespasianus
2018 3057 2263 3111 feliciter
2290 3058 2335 3128 Q
2442 3055 2675 3125 explicit

374 3136 475 3190 lib.
505 3135 673 3191 VIIII.
712 3139 913 3208 incipit
950 3139 1021 3192 de
1058 3137 1390 3208 nespasiano
1428 3137 1526 3192 lib.
1554 3137 1605 3190 X
1643 3138 1742 3193 LS
1776 3137 1866 3206 (de
1903 3154 2059 3206 uesp.
2097 3155 2198 3192 om.
2229 3138 2288 3206 S)

430 4686 442 4697 ⁰
488 4701 757 4742 svm-omn
786 4701 854 4740 ed.
884 4701 1016 4741 Ihm.
1072 4701 1108 4741 1.
1494 4711 1499 4715 ⁴
2178 4693 2244 4741 20
