3259 5209
609 472 742 534 224
1305 473 1362 528 C.
1402 473 1720 528 SVETONI
1756 473 2201 538 TRANQVILLI

607 635 1106 718 meridianisque
1154 635 1311 699 adeo
1359 635 1817 720 delectabatur,
1862 641 1936 700 ut
1982 641 2049 700 et
2100 636 2307 721 prima
2350 636 2493 700 luce
2540 637 2618 700 ad
2664 640 2908 721 specta-

609 740 826 805 culum
889 742 1298 809 descenderet
1357 746 1420 806 et
1479 743 1747 807 meridie
1806 743 2073 808 dimisso
2130 743 2212 806 ad
2267 743 2609 827 prandium
2664 743 2905 828 populo

608 848 975 932 persederet
1009 853 1388 933 praeterque
1432 849 1786 914 destinatos
1826 851 2016 914 etiam
2056 850 2185 914 leui
2226 849 2567 934 subitaque
2604 849 2683 914 de
2720 871 2908 913 causa

608 955 924 1038 quosdam
980 955 1434 1040 committeret,
1503 957 1581 1020 de
1636 957 1965 1021 fabrorum
1998 977 2279 1040 quoque
2332 977 2407 1019 ac
2462 956 2907 1020 ministrorum

609 1067 802 1144 atque
850 1062 916 1125 id
971 1083 1173 1147 genus
1227 1084 1496 1128 numero
1506 1115 1523 1146 ‚
1583 1064 1639 1127 si
1695 1067 2095 1128 automatum
2152 1062 2258 1126 uel
2313 1084 2547 1148 pegma
2600 1062 2709 1126 uel
2753 1063 2908 1147 quid
2974 1087 3007 1127 s

613 1168 740 1231 tale
795 1167 969 1232 aliud
1026 1190 1252 1252 parum
1310 1169 1623 1234 cessisset.
1708 1169 1967 1233 induxit
2012 1173 2075 1232 et
2130 1191 2331 1232 unum
2379 1190 2456 1232 ex
2502 1168 2911 1234 nomencula-

613 1274 863 1339 toribus
911 1274 1065 1357 suiS,
1112 1275 1205 1338 sic
1251 1278 1324 1338 ut
1371 1279 1508 1338 erat
1555 1280 1840 1363 togatae.

503 1375 599 1440 35
799 1379 925 1445 Sed
973 1380 1136 1444 nihil
1181 1402 1382 1464 aeque
1429 1404 1622 1466 quam
1670 1383 1937 1448 timidus
1994 1405 2067 1446 ac
2114 1382 2411 1446 diffidens
2458 1383 2600 1446 fuit.
2682 1382 2912 1467 primis

615 1488 869 1572 imperii
917 1487 1144 1552 diebus
1191 1509 1586 1573 quanquam,
1635 1493 1708 1552 ut
1753 1489 2034 1554 diximus
2071 1491 2161 1572 (o.
2199 1490 2344 1572 12),
2390 1489 2664 1553 iactator
2708 1488 2913 1554 ciuili-

615 1595 787 1678 tatis,
835 1615 1041 1676 neque
1090 1595 1390 1659 conuiuia
1434 1595 1596 1658 inire
1645 1617 1839 1660 ausus
1886 1600 1986 1660 est
2020 1595 2147 1660 nisi
2185 1600 2259 1658 ut
2294 1595 2728 1679 speculatores
2766 1617 2911 1658 cum
2950 1620 3011 1659 ιο

615 1701 854 1765 lanceis
895 1701 1383 1765 circumstarent
1421 1701 1785 1786 militesque
1823 1703 1963 1766 uice
2001 1703 2445 1767 ministrorum
2476 1703 2915 1789 fungerentur,

619 1828 822 1890 neque
872 1829 1136 1892 aegrum
1185 1829 1571 1890 quemquam
1618 1808 1914 1873 uisitauit
1955 1809 2085 1872 nisi
2132 1808 2465 1893 explorato
2510 1809 2695 1894 prius
2742 1807 2916 1872 cubi-

621 1913 770 1978 culo
820 1913 1202 1997 culcitisque
1257 1918 1321 1978 et
1377 1914 1685 2000 stragulis
1740 1916 2228 2000 praetemptatis
2275 1920 2340 1979 et
2394 1914 2697 1980 excussis.
2770 1913 2915 1978 reli-

623 2041 750 2104 quo
800 2025 1012 2084 autem
1051 2025 1340 2105 tempore
1379 2022 1842 2086 salutatoribus
1880 2027 2270 2086 scrutatores
2308 2043 2559 2105 semper
2595 2020 2915 2105 apposuit,

547 2140 578 2185 :2
621 2131 686 2190 et
733 2127 992 2210 quidem
1041 2128 1340 2191 omnibus
1399 2131 1462 2191 et
1508 2128 1972 2193 acerbissimos.
2046 2150 2188 2193 sero
2236 2129 2403 2192 enim
2453 2149 2529 2192 ac
2573 2127 2683 2192 uix
2728 2127 2914 2191 remi·
2958 2153 3009 2190 ιε,

623 2236 724 2315 sit,
771 2255 850 2296 ne
895 2233 1168 2297 feminae
1205 2235 1719 2319 praetextatique
1755 2237 1938 2318 pueri
1976 2239 2041 2298 et
2076 2235 2327 2320 puellae
2366 2237 2917 2300 contrectarentur

623 2344 687 2402 et
726 2362 805 2402 ne
847 2340 1026 2402 cuius
1057 2340 1276 2406 comiti
1316 2345 1428 2404 aut
1454 2341 1721 2405 librario
1753 2341 2127 2406 calamariae
2156 2346 2219 2405 et
2249 2341 2653 2427 graphiariae
2692 2340 2917 2404 thecae

629 2443 1077 2508 adimerentur.
1161 2451 1342 2510 motu
1391 2447 1570 2513 ciuili
1626 2469 1771 2512 cum
1830 2471 1971 2512 eum
2035 2448 2372 2531 Camillus,
2426 2471 2559 2512 non
2614 2447 2916 2512 dubitans

625 2551 818 2614 etiam
880 2553 1041 2615 eitra
1096 2553 1336 2617 bellum
1393 2575 1579 2637 posse
1636 2557 1888 2640 terreri,
1947 2556 2411 2620 contumeliosa
2456 2561 2521 2619 et
2572 2555 2807 2618 minaci
2854 2559 2919 2616 et

627 2661 993 2724 contumaci
1041 2659 1319 2742 epistula
1365 2662 1584 2725 cedere
1632 2662 1903 2745 imperio
1951 2662 2201 2726 iuberet
2254 2661 2589 2746 uitamque
2643 2661 2913 2726 otiosam
2952 2687 3011 2722 fo

628 2765 695 2827 in
745 2765 1002 2848 priuata
1049 2788 1114 2829 re
1163 2787 1378 2852 agere,
1437 2767 1759 2832 dubitauit
1814 2767 2120 2833 adhibitis
2174 2768 2579 2853 principibus
2630 2767 2791 2835 uiris
2837 2789 2916 2830 au

513 2865 611 2930 36
631 2875 1118 2955 optemperaret.
1195 2874 1502 2956 quasdam
1541 2873 1810 2938 insidias
1856 2879 2095 2939 temere
2143 2875 2387 2940 delatas
2434 2876 2593 2940 adeo
2640 2873 2919 2960 expauit,

625 2983 696 3042 ut
755 2979 1069 3062 deponere
1126 2980 1464 3063 imperium
1527 2983 1959 3064 temptauerit.
2055 2983 2361 3066 quodam,
2418 2986 2492 3045 ut
2546 3004 2741 3065 supra
2794 2984 2919 3044 ret-

627 3084 753 3148 tuli
807 3087 1084 3170 <c.13>,
1155 3109 1298 3152 cum
1365 3087 1536 3151 ferro
1603 3087 1772 3151 circa
1837 3089 2303 3154 sacrificantem
2368 3111 2435 3152 se
2506 3087 2921 3172 deprehensO,

625 3195 917 3255 senatum
956 3214 1071 3275 per
1108 3215 1450 3275 praecones
1488 3215 1759 3277 propere
1799 3197 2184 3261 conuocauit
2218 3194 2628 3279 lacrimisque
2657 3199 2721 3258 et
2747 3195 2919 3258 uoci·
2952 3217 3011 3255 εει

626 3297 935 3361 seratione
991 3299 1332 3362 miseratus
1389 3304 1487 3363 est
1533 3301 1975 3365 condicionem
2022 3324 2230 3386 suam,
2286 3303 2392 3367 cui
2438 3302 2599 3366 nihil
2646 3302 2773 3365 tuti
2818 3323 2921 3364 us-

626 3426 822 3486 quam
888 3408 1082 3488 esset,
1147 3427 1220 3469 ac
1295 3405 1404 3469 diu
1470 3407 1731 3489 publico
1798 3408 2127 3472 abstinuit.
2220 3407 2602 3473 Messalinae
2668 3429 2923 3492 quoque

626 3531 914 3572 amorem
961 3511 1534 3594 flagrantissimum
1591 3536 1721 3577 non
1776 3519 1911 3577 tam
1956 3515 2341 3599 indignitate
2387 3515 2921 3579 contumeliarum

628 3637 822 3699 quam
881 3617 1150 3699 periculi
1207 3624 1383 3683 metu
1439 3619 1702 3704 abiecit,
1759 3642 1901 3685 cum
1961 3621 2250 3686 adultero
2300 3621 2458 3687 Silio
2506 3620 2760 3705 adquiri
2806 3621 2923 3685 im-

628 3723 880 3805 perium
930 3723 1324 3808 credidisset3
1381 3747 1510 3808 quo
1557 3729 1847 3810 tempore
1896 3728 2150 3792 foedum
2210 3729 2278 3792 in
2323 3728 2585 3792 modum
2632 3727 2925 3812 trepidus
2952 3749 3017 3789 ao

627 3828 709 3890 ad
750 3831 958 3892 castra.
997 3831 1305 3916 confugit,
1343 3831 1507 3895 nihil
1545 3837 1685 3896 tota
1721 3835 1827 3897 uia
1868 3857 2057 3917 quam
2098 3839 2400 3898 essetne
2439 3835 2589 3899 sibi
2628 3835 2925 3900 saluum

775 3993 805 4037 8
859 3987 1039 4039 Victor
1080 3987 1226 4041 Caes.
1257 3993 1318 4052 4,
1340 3993 1370 4041 1
1419 4005 1763 4057 quamquam
1804 4033 1813 4043 .
1848 4035 1857 4044 .
1890 4033 1901 4043 .
1941 3991 2183 4060 pauidus
2224 4035 2233 4045 .
2268 4035 2279 4045 .
2321 3992 2497 4045 animi
2550 3995 2609 4046 et
2664 3993 2929 4062 ignauior

631 4066 780 4134 (inde
821 4066 973 4134 Epit.
1006 4070 1120 4131 4,3
1168 4067 1408 4134 ignauus
1455 4085 1522 4122 ac
1568 4071 1831 4140 pauidus)
1879 4075 2052 4137 esset,
2109 4072 2375 4141 pleraque
2424 4090 2525 4141 per
2569 4073 2927 4127 formidinem

631 4149 820 4199 tamen
861 4146 1086 4215 egregie
1125 4147 1482 4201 consultabat
1520 4149 1608 4217 (ef.
1643 4154 1693 4215 4,
1715 4153 1784 4219 9).

777 4279 806 4323 3
847 4273 1146 4339 pretorque
1175 4271 1489 4326 destinatus
1522 4277 1570 4326 'I'
1681 4280 1707 4325 7
1738 4277 1994 4343 togatum
2028 4277 2259 4331 Casaub.
2370 4284 2401 4331 8
2440 4279 2531 4348 ac]
2562 4281 2660 4331 aut
2688 4279 2743 4342 S.
2782 4281 2839 4331 et
2870 4279 2937 4331 N

638 4359 701 4405 10
741 4350 1120 4419 spectaculato
1153 4351 1200 4405 G
1239 4353 1400 4420 (spic-
1440 4354 1801 4422 HQL²PST)
1967 4363 2027 4409 11
2070 4356 2251 4409 uicem
2290 4359 2545 4427 Bentley,
2582 4361 2653 4426 cs.
2685 4363 2827 4428 Any.
2856 4363 2929 4412 45

637 4439 701 4485 13
742 4429 956 4498 sagulis
989 4431 1040 4484 G
1213 4438 1276 4484 17
1316 4435 1416 4485 aut
1452 4434 1817 4502 graphiariae
1851 4437 1930 4489 ed.
1966 4437 2119 4490 Rom.
2150 4439 2226 4491 ΙΙ
2256 4439 2325 4491 al.
2367 4438 2555 4505 (Roth)
2708 4441 2767 4492 et
2802 4443 2932 4492 ante

633 4512 831 4564 thecae
861 4511 989 4562 add.
1024 4511 1236 4565 MGcm
1365 4519 1429 4566 19
1461 4516 1583 4566 ctra
1616 4515 1667 4568 G
1794 4519 1850 4568 et
1889 4518 2205 4570 contumaci
2234 4519 2334 4572 del.
2367 4519 2599 4588 Bentley
2707 4525 2773 4572 29
2812 4515 2931 4572 filio

639 4593 801 4660 GQX
834 4589 970 4657 (filio
1009 4590 1134 4644 silio
1172 4594 1242 4656 T)
1398 4599 1458 4645 31
1503 4593 1561 4646 in
1599 4597 1722 4648 tota
1755 4596 1802 4648 G
