3259 5209
307 1041 331 1078 5

282 1575 335 1612 10

1080 438 1135 492 C.
1176 437 1535 492 CALIGVLA
1572 451 1705 500 [car.
1735 451 1912 500 27-31]
2540 439 2662 502 181

362 602 667 686 interimi,
714 601 943 666 adiecit
981 603 1492 666 necessariam
1544 623 1714 668 esse
1759 601 2162 689 sanguinis
2199 603 2668 685 missionem,

362 701 487 764 cui
536 702 687 763 tam
737 699 863 764 diu
916 721 1064 763 non
1116 700 1525 782 prodesset
1578 699 2024 765 elleborum.
2109 699 2354 766 decimo
2411 721 2668 784 quoque

364 807 470 870 die
506 827 843 870 numerum
882 806 1352 889 puniendorum
1392 829 1465 871 ex
1508 807 1802 872 custodia
1839 805 2251 872 subscribens
2290 807 2664 870 rationem

362 936 445 978 se
491 935 821 998 purgare
868 911 1137 976 dicebat.
1222 911 1425 978 Gallis
1474 912 1860 997 Graecisque
1907 913 2157 997 aliquot
2201 935 2332 978 uno
2379 916 2670 996 tempore

363 1019 808 1084 condemnatis
838 1018 1238 1103 gloriabatur
1272 1018 1888 1106 Gallograeciam
1927 1043 2004 1084 se
2041 1019 2455 1105 subegisse.
2539 1041 2668 1083 non
2685 1026 2778 1092 30

364 1133 609 1191 temere
637 1128 706 1190 in
734 1147 1121 1210 quemquam
1148 1127 1275 1190 nisi
1304 1126 1543 1192 crebris
1572 1130 1638 1192 et
1665 1127 1932 1192 minutis
1968 1127 2205 1192 ictibus
2245 1125 2669 1190 animaduerti

362 1255 595 1317 passus
640 1237 764 1312 est,
819 1237 1133 1317 perpetuo
1188 1236 1473 1316 notoque
1520 1234 1649 1298 iam
1693 1239 2062 1318 praecepto:
2119 1233 2232 1298 ita
2275 1233 2420 1298 feri
2468 1237 2550 1298 ut
2595 1253 2672 1296 se

254 1419 259 1427 Ι
364 1340 561 1404 mori
608 1339 905 1404 sentiat.
974 1339 1203 1422 punito
1251 1363 1367 1424 per
1412 1361 1696 1405 errorem
1741 1341 2022 1406 nominis
2061 1339 2188 1404 alio
2239 1362 2428 1422 quam
2479 1362 2671 1422 quem

366 1447 823 1526 destinauerat,
882 1447 1089 1529 ipsum
1149 1469 1406 1530 quoque
1467 1448 1653 1531 paria
1707 1447 2016 1512 meruisse
2077 1446 2258 1511 dixit.
2349 1446 2670 1532 tragicum

365 1554 555 1634 <Aca
586 1559 738 1634 tray.
768 1555 939 1636 203>
981 1552 1143 1616 illud
1190 1552 1461 1618 subinde
1508 1553 1814 1618 iactabat:

1037 1659 1369 1743 oderint,
1414 1660 1583 1724 dum
1630 1665 1988 1726 metuant.

368 1788 561 1850 saepe
616 1767 683 1830 in
737 1771 1001 1831 cunctos
1047 1767 1289 1849 pariter
1344 1771 1671 1833 senatores
1719 1771 1792 1832 ut
1839 1766 2054 1832 Seiani
2102 1766 2372 1848 clientis,
2421 1770 2494 1829 ut
2539 1787 2664 1828 ma·
2709 1792 2738 1837 2

368 1874 489 1936 tris
536 1894 609 1936 ac
642 1873 916 1936 fratrum
956 1894 1221 1937 suorum
1260 1873 1592 1957 delatores,
1641 1875 1932 1939 inuectus
1975 1879 2072 1938 est
2107 1872 2377 1957 prolatis
2416 1872 2672 1954 libellis,

370 2002 533 2064 quos
590 1983 906 2044 crematos
962 1980 1405 2060 simulauerat,
1461 1981 1847 2064 defensaque
1893 1979 2112 2046 Tiberi
2169 1980 2442 2046 saeuitia
2487 1979 2670 2062 quasi

311 2109 337 2143 ⁵
368 2086 741 2166 necessaria,
777 2107 923 2151 cum
960 2091 1061 2150 tot
1096 2087 1587 2152 criminantibus
1626 2087 2012 2152 credendum
2049 2091 2231 2152 esset.
2312 2091 2672 2170 equestrem

372 2193 659 2258 ordinem
719 2198 793 2257 ut
858 2214 1125 2257 scaenae
1188 2192 1588 2278 harenaeque
1655 2194 1960 2260 deuotum
2025 2193 2278 2258 assidue
2343 2192 2671 2277 proscidit.

372 2300 659 2365 infensus
724 2299 949 2364 turbae
1004 2300 1249 2364 fauenti
1304 2300 1609 2366 aduersus
1666 2301 1949 2365 studium
2007 2323 2194 2364 suum
2262 2299 2669 2364 exclamauit:

371 2407 663 2496 utinam
707 2428 768 2493 p.
810 2406 883 2470 R.
930 2429 1148 2472 unam
1206 2407 1581 2472 ceruicem
1626 2407 1970 2472 haberet!
2023 2428 2296 2491 cumque
2344 2405 2673 2470 Tetrinius

372 2514 539 2578 latro
603 2515 1066 2596 postularetur,
1139 2519 1213 2579 et
1276 2514 1405 2597 qui
1469 2514 1984 2598 postularent,
2049 2513 2444 2578 Tetrinios
2511 2533 2672 2576 esse

286 2641 313 2679 ε
372 2621 477 2684 ait.
561 2622 779 2685 retiari
826 2622 1096 2685 tunicati
1135 2622 1421 2704 quinque
1456 2642 1724 2686 numero
1763 2621 2081 2706 gregatim
2122 2620 2496 2684 dimicantes
2537 2619 2672 2682 sine
2712 2643 2744 2690 3

372 2729 717 2792 certamine
762 2727 899 2791 ullo
946 2729 1215 2792 totidem
1263 2729 1664 2792 secutoribus
1721 2727 2220 2808 succubuerant3
2277 2748 2423 2790 cum
2469 2725 2674 2789 occidi

372 2835 769 2914 iuberentur,
825 2856 991 2898 unus
1046 2840 1371 2918 resumpta-
1410 2834 1664 2900 fuscina
1721 2856 1940 2898 omnes
1996 2834 2276 2900 uictores
2324 2832 2674 2897 interemit:

372 2943 537 3006 hanc
582 2943 657 3003 ut
712 2940 1215 3005 crudelissimam
1272 2940 1524 3005 caedem
1584 2946 1648 3006 et
1705 2941 1967 3006 defleuit
2013 2943 2220 3005 edicto
2270 2944 2333 3003 et
2381 2961 2488 3002 eos
2499 2989 2514 3021 ,
2563 2943 2674 3019 qui

374 3053 661 3132 spectare
716 3048 1185 3130 sustinuissent,
1242 3054 1571 3112 execratus
1628 3050 1744 3113 est.
1837 3049 2018 3130 queri
2076 3049 2268 3111 etiam
2325 3048 2536 3130 palam
2594 3044 2672 3106 de
2691 3050 2775 3117 31

290 3173 315 3211 ε
374 3154 747 3219 condicione
802 3158 1162 3238 temporum
1220 3177 1481 3220 suorum
1539 3155 1816 3236 solebat,
1873 3155 2044 3237 quod
2099 3154 2297 3220 nullis
2353 3151 2675 3217 calamita-

374 3261 547 3325 tibus
576 3260 853 3345 publicis
880 3261 1370 3346 insignirentur;
1408 3262 1688 3346 Augusti
1719 3263 2151 3346 principatum
2181 3261 2359 3326 clade
2378 3258 2677 3339 Variana,

375 3366 591 3432 Tiberi
628 3367 813 3432 ruina
850 3367 1359 3449 spectaculorum
1396 3368 1569 3451 apud
1597 3367 1870 3432 Fidenas
1898 3365 2378 3432 memorabilem
2415 3365 2677 3444 factum,

374 3495 492 3538 suo
540 3474 932 3538 obliuionem
980 3475 1313 3538 imminere
1350 3475 1775 3558 prosperitate
1811 3496 2052 3558 rerum3
2101 3478 2292 3554 atque
2328 3471 2675 3535 identidem

376 3581 769 3644 exercituum
821 3581 1058 3663 caedes,
1103 3580 1359 3664 famem,
1404 3580 1858 3664 pestilentiam,
1904 3579 2222 3661 incendia,
2267 3579 2517 3642 hiatum
2566 3577 2678 3640 ali-

295 3705 349 3744 30
379 3706 567 3769 quem
616 3690 820 3750 terrae
869 3687 1152 3770 optabat.

524 3893 587 3941 17
632 3889 779 3943 Oros.
814 3889 935 3941 VII
958 3893 1063 3954 5‚2
1102 3888 1219 3955 hic,
1266 3889 1330 3939 ut
1374 3887 1622 3940 breuiter
1669 3887 2118 3955 magnitudinem
2167 3885 2518 3940 crudelitatis
2559 3887 2676 3938 eius

379 3984 729 4036 expromam,
776 3969 1117 4022 exclamasse
1164 3967 1364 4020 fertur:
1413 3968 1629 4020 utinam
1680 3967 1920 4036 populus
1961 3968 2244 4020 Romanus
2293 3983 2460 4019 unam
2501 3965 2676 4017 cerui-

379 4065 500 4100 cem
536 4049 785 4102 haberet.
932 4054 999 4102 24
1038 4049 1169 4102 ibid.
1210 4063 1377 4116 saepe
1417 4048 1587 4100 etiam
1627 4048 1696 4100 de
1735 4047 2062 4100 condicione
2101 4052 2415 4115 temporum
2455 4063 2678 4097 suorum

380 4131 716 4200 conquestus
755 4132 855 4194 est,
895 4129 1045 4196 quod
1084 4127 1253 4181 nullis
1293 4128 1713 4180 calamitatibus
1751 4127 1994 4195 publicis
2031 4127 2450 4196 insignirentur.

526 4329 553 4378 1
594 4324 850 4378 interemi
884 4327 955 4378 M
964 4325 1041 4377 ιΠ
1048 4325 1116 4395 ᾯ
1152 4326 1241 4392 (cf.
1275 4325 1423 4376 Nero
1454 4327 1544 4391 37)
1694 4329 1720 4374 7
1763 4323 1868 4376 feri
1899 4325 1972 4376 M
1975 4322 2170 4387 ²L128,
2217 4321 2335 4373 fieri
2368 4322 2439 4374 M
2447 4321 2461 4350 ¹
2499 4327 2546 4374 et-
2585 4321 2676 4372 rel.

380 4405 564 4468 (etiam
600 4404 686 4472 N)
792 4411 856 4458 21
898 4405 1311 4458 succubuerunt
1348 4421 1583 4471 cumque
1618 4404 1670 4456 G
1771 4409 1836 4455 22
1876 4403 2041 4454 unius
2074 4402 2296 4455 MLPS
2393 4407 2458 4453 23
2499 4403 2554 4452 et
2585 4417 2677 4452 eos

381 4483 566 4538 edicto
590 4487 645 4536 X
748 4490 813 4536 27
845 4484 1207 4538 memorabile
1236 4487 1389 4538 ΤΡΤ
1495 4489 1560 4536 28
1598 4483 1684 4535 sui
1716 4483 1936 4548 PSTN,
1975 4483 2077 4535 sub
2109 4483 2188 4536 L³
2298 4487 2362 4533 2‘.)
2405 4481 2680 4534 exercitus

384 4567 471 4628 JI,
509 4564 755 4618 exercitu
798 4567 863 4629 G,
906 4564 1242 4618 exercitibus
1282 4564 1514 4632 Bentley
