3259 5209
623 461 754 526 236
857 413 871 429 .
1291 461 1346 514 C.
1389 460 1703 514 SVETONI
1740 459 2183 525 TRANQVILLI

623 624 797 688 tibus
847 626 914 688 in
968 625 1210 689 curiam
1266 623 1514 688 delatus
1571 627 1669 687 est
1717 624 2135 706 discessitque
2192 623 2317 686 iam
2366 623 2635 706 uesperi,
2680 645 2759 686 ex
2809 625 2924 686 im-

625 732 879 816 mensis,
929 731 1162 814 quibus
1210 730 1677 814 cumulabatur,
1723 730 2079 794 honoribus
2126 733 2381 794 tantum
2428 729 2631 812 patris
2678 729 2925 813 patriae

621 839 883 902 nomine
929 827 1220 902 recusato
1267 841 1535 920 propter
1579 841 1870 902 aetatem.

547 945 594 1010 9
803 942 1004 1008 Orsus
1063 943 1216 1008 hinc
1262 967 1300 1006 a
1356 943 1614 1027 pietatis
1677 944 2109 1008 ostentatione
2172 941 2508 1006 Claudium
2571 943 2925 1026 apparatis-

623 1053 787 1115 simo
833 1051 1057 1114 funere
1103 1051 1344 1114 elatum
1389 1049 1681 1114 laudauit
1726 1050 1875 1130 (et)
1914 1050 2331 1114 consecrauit.
2414 1050 2759 1114 memoriae
2794 1048 2924 1112 Do·
2988 1078 3017 1117 s

622 1156 852 1240 miti[i]
899 1158 1098 1240 patris
1154 1158 1432 1221 honores
1489 1157 1807 1220 maximos
1859 1155 2104 1220 habuit.
2189 1157 2379 1220 matri
2426 1177 2745 1220 summam
2792 1177 2927 1219 om-

620 1265 801 1328 nium
839 1285 1051 1328 rerum
1090 1264 1486 1348 priuatarum
1527 1263 2059 1346 publicarumque
2094 1263 2405 1346 permisit.
2482 1264 2690 1346 primo
2730 1263 2925 1326 etiam

623 1371 878 1455 imperii
907 1369 1008 1433 die
1039 1371 1292 1456 signum
1327 1369 1663 1434 excubanti
1705 1370 1965 1434 tribuno
1996 1369 2171 1434 dedit
2208 1371 2569 1454 optimam
2610 1374 2927 1434 matrem

623 1497 698 1542 ac
745 1477 1042 1560 deinceps
1089 1477 1374 1540 eiusdem
1421 1497 1610 1559 saepe
1657 1476 1885 1540 lectica
1929 1499 2044 1560 per
2088 1477 2419 1559 publicum
2460 1477 2654 1541 simul
2700 1483 2927 1539 uectus

623 1588 738 1648 est.
832 1583 1102 1648 Antium
1152 1584 1468 1648 coloniam
1519 1583 1785 1647 deduxit
1831 1583 2127 1667 ascriptis
2174 1585 2493 1648 ueteranis
2530 1605 2565 1647 e
2602 1584 2927 1667 praetorio
2966 1613 3022 1652 ιο

623 1689 986 1774 additisque
1017 1713 1130 1774 per
1157 1690 1468 1754 domicilii
1507 1689 1994 1755 translationem
2030 1689 2367 1754 ditissimis
2398 1689 2927 1773 primipilarium:

623 1797 736 1860 ubi
782 1801 848 1861 et
893 1801 1152 1881 portum
1205 1796 1416 1880 operis
1464 1796 2017 1880 sumptuosissimi
2064 1797 2235 1861 fecit.

519 1902 606 1967 10
802 1902 1018 1987 Atque
1056 1908 1131 1967 ut
1170 1905 1506 1968 certiorem
1547 1903 1757 1968 adhuc
1792 1902 2073 1967 indolem
2114 1903 2496 1985 ostenderet,
2534 1925 2613 1966 ex
2642 1902 2927 1987 Augusti

621 2011 1016 2094 praescripto
1066 2011 1557 2095 imperaturum·
1582 2031 1651 2073 se
1696 2010 2055 2093 professus,
2109 2031 2317 2093 neque
2361 2009 2770 2074 liberalitatis
2816 2032 2927 2073 ne-

622 2139 746 2200 que
806 2116 1210 2200 clementiae,
1269 2139 1349 2179 ne
1404 2117 1731 2180 comitatis
1788 2116 2049 2199 quidem
2114 2115 2510 2181 exhibendae
2566 2117 2764 2180 ullam
2824 2139 2927 2180 oc-
2966 2146 3023 2185 ιε

621 2225 941 2287 casionem
991 2223 1227 2286 omisit.
1302 2224 1604 2308 grauiora
1649 2222 1995 2307 uectigalia
2040 2229 2153 2286 aut
2198 2222 2487 2287 aboleuit
2521 2229 2633 2287 aut
2672 2222 2926 2287 minuit.

621 2330 904 2412 praemia
959 2329 1315 2394 delatorum
1365 2327 1602 2412 Papiae
1659 2329 1823 2414 legis
1882 2329 1961 2392 ad
2019 2334 2282 2412 quartas
2338 2329 2605 2415 redegit.
2698 2330 2929 2394 diuisis

620 2435 863 2519 populo
920 2436 1166 2500 uiritim
1227 2436 1682 2523 quadringenis
1738 2436 2023 2500 nummis
2090 2441 2459 2500 senatorum
2516 2436 2925 2501 nobilissimo

622 2543 878 2625 cuique,
935 2542 1046 2606 sed
1091 2565 1130 2606 a
1174 2565 1242 2606 re
1289 2543 1594 2607 familiari
1642 2543 1952 2606 destituto
2002 2565 2213 2608 annua
2268 2542 2503 2606 salaria
2549 2547 2613 2607 et
2661 2543 2925 2626 quibus-

621 2647 767 2711 dam
834 2648 1157 2733 quingena
1218 2650 1584 2731 constituit,·
1644 2651 1799 2714 item
1864 2650 2289 2733 praetorianis
2350 2649 2727 2715 cohortibus
2791 2651 2923 2714 fru-
2962 2681 3025 2720 eo

551 2772 582 2818 2
622 2759 910 2820 mentum
968 2760 1370 2819 menstruum
1427 2755 1803 2840 gratuitum.
1888 2759 1953 2818 et
2008 2776 2147 2818 cum
2209 2756 2287 2818 de
2344 2756 2667 2840 supplicio
2716 2757 2923 2821 cuius-

621 2862 768 2925 dam
826 2863 1037 2945 capite
1099 2862 1385 2926 damnati
1447 2867 1519 2925 ut
1579 2883 1659 2924 ex
1720 2882 1897 2925 more
1960 2861 2388 2926 subscriberet
2445 2862 2921 2928 admoneretur:

620 2991 842 3052 quam
882 2969 1186 3052 uellem,
1225 2969 1454 3051 inquit,
1491 2968 1797 3032 nescire
1836 2969 2168 3032 litteras,
2232 2970 2443 3033 omnis
2480 2969 2737 3035 ordines
2775 2971 2923 3035 sub-

619 3075 766 3138 inde
825 3097 899 3140 ac
955 3075 1327 3140 memoriter
1385 3075 1709 3138 salutauit.
1794 3075 2012 3159 agenti
2068 3077 2321 3140 senatui
2372 3077 2614 3160 gratias
2661 3099 2921 3160 respon-

619 3182 739 3245 dit:
805 3203 968 3246 cum
1027 3203 1390 3246 meruero.
1476 3182 1558 3245 ad
1615 3185 2005 3264 campestres
2064 3173 2555 3248 exercitationes
2612 3205 2761 3248 suas
2814 3185 2920 3248 ad-
2956 3212 3017 3252 25

620 3288 800 3352 misit
855 3293 920 3352 et
967 3288 1218 3372 plebem
1279 3288 1791 3370 declamauitque
1850 3290 2105 3371 saepius
2164 3288 2456 3374 publice:
2512 3291 2811 3355 recitauit
2856 3296 2922 3354 et

620 3395 932 3477 carmina,
987 3417 1120 3458 non
1177 3395 1369 3458 modo
1429 3394 1603 3457 domi
1652 3394 1762 3456 sed
1811 3398 1874 3457 et
1921 3397 1991 3458 in
2037 3395 2317 3478 theatro,
2366 3400 2545 3460 tanta
2592 3397 2921 3461 uniuerso-

617 3523 760 3563 rum
809 3501 1074 3584 laetitia‚
1125 3507 1196 3564 ut
1243 3500 1323 3564 ob
1373 3501 1815 3564 recitationem
1865 3502 2250 3585 supplicatio
2301 3502 2553 3567 decreta
2598 3504 2686 3568 sit
2722 3525 2921 3586 eaque

625 3627 774 3688 pars
822 3608 1178 3670 carminum
1226 3608 1435 3670 aureis
1484 3607 1719 3670 litteris
1766 3606 1909 3670 Ioui
1960 3607 2324 3690 Capitolino
2371 3608 2598 3673 dicata.

522 3711 605 3777 11
809 3712 1332 3796 Spectaculorum
1380 3713 1657 3797 plurima
1709 3719 1769 3777 et
1817 3715 1997 3778 uaria
2034 3736 2265 3798 genera
2298 3715 2526 3780 edidit:
2576 3716 2923 3800 iuuenales‚
2954 3749 3017 3790 ω

618 3821 963 3895 circenseS‚
1023 3820 1346 3884 scaenicos
1402 3819 1617 3900 ludos,
1667 3819 2122 3903 gladiatorium
2178 3844 2428 3886 munus,
2512 3822 2920 3888 iuuenalibus

744 3931 791 4010 ‘5
818 3931 890 4011 *et
927 3960 1054 4014 add.
1089 3977 1120 4017 ς
1161 3959 1365 4028 (Roth),
1405 3959 1866 4026 consecrauitque
1904 3961 2022 4013 edd.
2056 3978 2143 4028 pr.
2178 3961 2333 4014 Rom.
2366 3961 2559 4030 (παῖς.)
2672 3968 2699 4013 7
2731 3963 2920 4030 publi—

618 4055 808 4091 carum
847 4039 1308 4108 priuatarumque
1347 4039 1455 4107 HQ
1493 4041 1702 4108 (nula),
1742 4040 2203 4109 priuatarumque
2241 4045 2360 4104 (mn.
2390 4041 2762 4110 publicarum)
2794 4044 2847 4098 R

623 4125 686 4171 10
717 4123 802 4172 est
831 4137 932 4173 om.
965 4123 1021 4172 X
1164 4125 1225 4171 13
1256 4120 1536 4172 mitiorem
1568 4139 1614 4182 ς,
1648 4120 1939 4173 rectiorem
1972 4121 2147 4174 Polcdc
2174 4123 2263 4187 (ef.
2293 4123 2451 4183 Qud.)
2598 4128 2663 4175 15
2692 4125 2787 4194 ne]
2816 4139 2921 4176 nec

619 4201 747 4264 XN,
787 4216 966 4267 neque
1007 4199 1072 4253 S²
1185 4204 1250 4252 16
1289 4198 1480 4252 omisit
1518 4199 1799 4266 RL²S²N,
1849 4200 2076 4253 obmisit
2114 4202 2173 4267 T,
2212 4201 2397 4254 emisit
2434 4204 2526 4256 rel.
2558 4204 2651 4271 (Ω)
2756 4207 2922 4270 prius

615 4282 714 4332 aut
742 4299 843 4334 om.
874 4285 929 4333 X
936 4281 1000 4334 N
1145 4286 1208 4332 18
1239 4281 1610 4350 quadrigenis
1631 4282 1677 4348 (i
1702 4283 1984 4344 inv-11⁸.)S,
2016 4281 2379 4349 quadrigenis
2402 4281 2657 4348 MGLR‚
2676 4284 2920 4351 quadra-

613 4361 773 4428 genis
799 4363 886 4414 νεῖ.
987 4366 1049 4412 19
1083 4361 1280 4413 sadare
1300 4363 1384 4427 M,
1417 4361 1512 4414 sed
1542 4378 1602 4414 re
1623 4363 1741 4413 XN
1846 4367 1913 4412 20
1944 4362 2267 4429 quinquena
2292 4363 2359 4426 G,
2389 4361 2788 4432 quinquagena
2818 4365 2928 4417 PT

615 4445 680 4490 :32
710 4443 774 4492 ut
812 4457 911 4493 om.
946 4440 1000 4492 R
1037 4442 1308 4508 (Bentley)
1483 4447 1548 4493 23
1589 4440 1765 4494 uellet
1800 4442 1867 4492 M
1876 4442 1951 4494 ιΤ
2114 4442 2386 4494 nescirem
2418 4443 2647 4513 Bentley
2675 4445 2763 4509 (cf.
2794 4445 2915 4497 Seu.

613 4520 758 4572 clem.
801 4521 948 4584 111,
977 4523 1034 4581 2)
1181 4520 1374 4572 ordine
1414 4523 1670 4576 B.·Crus‚
1712 4538 1830 4574 cum.
1878 4522 1996 4574 edd.
2041 4521 2279 4591 Gryphii
2314 4523 2547 4591 aliisque
2590 4539 2726 4577 saec.
2770 4523 2929 4577 XVI

615 4603 680 4649 27
723 4598 889 4652 domo
923 4599 1018 4652 M¹
1164 4603 1217 4652 et
1257 4617 1356 4653 om.
1390 4605 1448 4654 X
1587 4607 1654 4653 28
1695 4601 1896 4670 eaque]
1936 4604 2105 4668 atque
2138 4605 2185 4653 Τ
