3259 5209
1033 433 1216 488 DIVV
1219 434 1254 488 S
1290 434 1529 489 IVLIVS
1569 446 1701 495 [cu.
1734 445 1907 494 26-29]
2542 436 2620 499 15

323 602 638 680 acturum,
684 596 934 661 rettulit
979 596 1061 661 ad
1108 601 1420 681 senatum,
1465 604 1540 663 ut
1585 599 1645 662 ei
1684 598 2127 663 succederetur
2163 602 2312 661 ante
2346 601 2620 682 tempus,

324 704 626 785 quonjam
682 702 854 767 bello
912 704 1204 768 confecto
1263 726 1388 788 pax
1447 710 1614 769 esset
1669 726 1743 769 ac
1800 703 2037 769 dimitti
2095 704 2353 768 deberet
2409 704 2622 771 uictor

322 812 668 895 exercitus3
713 815 777 874 et
823 832 902 874 ne
951 810 1234 875 absentis
1280 812 1444 875 ratio
1484 811 1763 875 comitiis
1800 810 2161 895 haberetur,
2208 810 2466 895 quando
2502 832 2621 875 nec

323 917 499 1000 plebi
546 917 706 981 scito
753 916 1100 1000 Pompeius
1145 922 1369 1001 postea
1413 918 1805 1001 abrogasset.
1896 918 2213 982 acciderat
2259 920 2501 999 autem,
2547 921 2621 981 ut
2660 934 2689 981 3

261 1046 290 1084 5
325 1023 378 1086 is
423 1024 634 1107 legem
681 1023 759 1086 de
797 1025 933 1087 iure
971 1025 1466 1109 magistratuum
1503 1025 1715 1089 ferens
1754 1046 1831 1089 eo
1869 1026 2097 1108 capite,
2144 1046 2271 1107 quo
2309 1024 2620 1107 petitione

322 1128 642 1193 honorum
690 1129 971 1194 absentis
1019 1129 1462 1214 submonebat,
1507 1153 1588 1195 ne
1627 1129 1959 1195 Caesarem
2000 1131 2259 1214 quidem
2297 1130 2622 1214 exciperet

321 1258 437 1319 per
496 1236 914 1321 obliuionem,
975 1260 1048 1302 ac
1103 1259 1256 1301 mox
1311 1236 1453 1321 lege
1507 1238 1638 1301 iam
1694 1237 1763 1300 in
1808 1259 1913 1301 aes
1971 1237 2171 1301 incisa
2226 1242 2291 1301 et
2336 1237 2405 1299 in
2450 1259 2621 1300 aera-

322 1345 490 1407 rium
551 1343 810 1407 condita
873 1343 1226 1429 corrigeret
1296 1366 1593 1407 errorem.
1701 1364 1819 1407 nec
1880 1348 2215 1407 contentus
2276 1342 2619 1407 Marcellus

323 1450 690 1532 prouincias
737 1448 990 1513 Caesari
1037 1456 1102 1515 et
1147 1450 1558 1536 priuilegium
1600 1451 1862 1533 eripere,
1908 1450 2243 1532 re<t>tulit
2290 1449 2501 1531 etiam,
2547 1454 2619 1512 ut

233 1577 297 1617 ιο
324 1557 594 1639 colonis,
662 1578 822 1639 quos
887 1557 1222 1641 rogatione
1270 1556 1532 1621 Vatinia
1585 1555 1849 1620 Nouum
1906 1554 2176 1620 Comum
2234 1555 2619 1637 deduxisset,

325 1664 550 1725 ciuitas
613 1662 1022 1746 adimeretur,
1089 1664 1261 1746 quod
1307 1685 1422 1747 per
1467 1662 1885 1727 ambitionem
1936 1668 1998 1727 et
2046 1664 2213 1727 ultra
2269 1663 2619 1746 praescrip—

325 1774 460 1832 tum
509 1770 658 1833 data
703 1774 884 1833 esset.

503 1873 878 1939 Commotus
941 1875 1042 1939 his
1109 1874 1340 1939 Caesar
1401 1898 1483 1965 ac,
1540 1876 1854 1959 iudicans,
1919 1876 2093 1959 quod
2154 1896 2341 1961 saepe
2400 1898 2479 1939 ex
2538 1898 2613 1939 eo
2634 1874 2724 1940 29

325 1982 612 2045 auditum
686 1982 928 2064 ferunt,
1003 1981 1333 2047 difficilius
1400 2005 1468 2047 se
1531 1961 1908 2067 principem.
1960 1982 2242 2046 ciuitatis
2307 2006 2345 2047 a
2405 1982 2616 2067 primo

237 2107 295 2149 ιε
325 2088 546 2151 ordine
605 2088 672 2150 in
743 2088 1094 2152 secundum
1155 2112 1346 2172 quam
1419 2112 1498 2152 ex
1559 2089 1837 2154 secundo
1897 2089 1965 2153 in
2028 2088 2453 2153 nouissimum
2516 2087 2617 2152 de-

323 2193 524 2276 trudi,
571 2216 822 2257 summa
868 2216 988 2279 ope
1034 2198 1301 2279 restitit,
1362 2197 1599 2280 partim
1648 2218 1764 2279 per
1808 2196 2257 2260 intercessores
2304 2195 2619 2276 tribunOS,

321 2302 557 2384 partim
603 2323 718 2385 per
766 2300 1060 2365 Seruium
1107 2301 1466 2386 Sulpicium
1515 2301 1789 2365 alterum
1836 2302 2179 2366 consulem.
2256 2301 2616 2384 insequenti

323 2428 580 2491 quoque
625 2428 793 2471 anno
843 2406 1001 2473 Gaio
1039 2408 1364 2492 MarceHO,
1411 2408 1524 2492 qui
1567 2409 1751 2471 fratri
1797 2409 2075 2492 patrueli
2122 2430 2237 2473 suo
2285 2406 2503 2472 Marco
2551 2408 2618 2471 in

325 2515 659 2578 consulatu
727 2520 1144 2598 successerat,
1209 2514 1428 2578 eadem
1491 2518 1847 2597 temptante
1918 2514 2229 2600 collegam
2300 2516 2436 2579 eius
2497 2514 2617 2578 Ae-

239 2638 294 2679 so
321 2620 573 2684 milium
619 2620 892 2685 Paulum
943 2620 1296 2704 Gaiumque
1346 2620 1687 2685 Curionem
1746 2604 2283 2686 uiolentissimum
2330 2622 2618 2687 tribuno-

321 2750 464 2791 rum
522 2728 770 2812 ingenti
825 2728 1114 2793 mercede
1180 2728 1545 2792 defensores
1601 2728 1872 2811 parauit.
1967 2728 2076 2792 sed
2134 2750 2278 2793 cum
2336 2730 2617 2793 obstina-
2672 2750 2683 2789 τ

323 2834 449 2897 tius
497 2835 714 2899 omnia
769 2835 874 2920 agi
929 2835 1180 2899 uideret
1235 2838 1299 2898 et
1354 2834 1721 2917 designatos
1773 2834 1965 2899 etiam
2014 2834 2307 2899 consules
2356 2858 2389 2899 e
2434 2840 2616 2918 parte

321 2941 600 3024 diuersa,
661 2946 952 3005 senatum
1011 2942 1246 3005 litteris
1307 2941 1681 3024 deprecatus
1737 2945 1860 3024 est,
1918 2964 1999 3004 ne
2056 2940 2179 3005 sibi
2235 2940 2613 3005 beneficium

321 3047 546 3131 populi
591 3047 994 3131 adimeretur,
1041 3052 1152 3111 aut
1199 3052 1272 3111 ut
1319 3048 1514 3112 ceteri
1561 3068 1817 3130 quoque
1864 3048 2279 3131 imperatores
2325 3048 2404 3111 ab
2443 3070 2614 3112 exer-

241 3170 293 3211 85
321 3154 556 3219 citibus
603 3153 1024 3237 discederent3
1079 3156 1379 3236 confisuS,
1424 3159 1497 3218 ut
1541 3158 1801 3238 putant,
1850 3155 2105 3219 facilius
2152 3177 2237 3237 se,
2285 3155 2476 3218 simul
2524 3162 2611 3218 at-

319 3281 446 3343 que
499 3259 819 3338 libuisset,
875 3265 1214 3325 ueteranos
1271 3266 1774 3324 conuocaturum
1830 3282 2021 3343 quam
2082 3260 2457 3343 Pompeium
2504 3284 2614 3325 no-

321 3388 438 3431 uos
483 3366 737 3430 milites,
829 3387 972 3430 cum
1021 3366 1400 3430 aduersariis
1447 3371 1659 3431 autem
1706 3369 1973 3452 pepigit,
2019 3371 2090 3430 ut
2138 3367 2421 3431 dimissis
2468 3373 2613 3433 octo

320 3472 684 3556 legionibus
739 3472 1286 3555 Transalpinaque
1345 3472 1554 3537 Gallia
1613 3473 1775 3536 duae
1830 3473 1952 3537 sibi
2018 3473 2303 3558 legiones
2360 3478 2425 3538 et
2482 3474 2613 3539 Cis-

320 3580 538 3662 alpina
598 3580 935 3662 prouincia
999 3581 1105 3644 uel
1169 3579 1362 3644 etiam
1427 3603 1554 3643 una
1615 3580 1787 3665 legio
1857 3602 2000 3644 cum
2067 3580 2327 3664 Illyrico
2394 3603 2613 3645 conce-

464 3758 530 3806 20
565 3754 741 3809 Schol.
773 3754 986 3808 Lucan.
1018 3756 1059 3806 I
1078 3758 1190 3807 269
1221 3756 1304 3809 W.
1336 3753 1541 3807 Caesar
1569 3755 1818 3823 corrupit
1848 3753 2141 3808 Curionem
2171 3756 2411 3825 pecunia
2448 3772 2611 3821 ann0,

320 3849 430 3899 quo
467 3832 580 3886 fuit
614 3832 891 3900 tribunus,
930 3837 995 3886 ut
1030 3833 1250 3887 faueret
1286 3833 1412 3900 sibi,
1451 3838 1516 3887 ut
1551 3834 1851 3887 Suetonius
1881 3834 2036 3902 dicit,
2076 3838 2133 3888 et
2161 3834 2456 3889 Curionem
2493 3837 2611 3890 uio-

321 3912 692 3966 lentissimum
711 3912 1064 3967 tribunorum
1086 3913 1194 3966 sibi
1216 3914 1433 3982 ingenti
1453 3914 1711 3967 mercede
1730 3915 1972 3982 parauit.
2104 3920 2168 3966 ‘27
2210 3934 2262 3969 u.
2295 3918 2369 3969 ad
2392 3933 2447 3983 p.
2475 3922 2558 3980 11,
2579 3921 2611 3969 4

462 4078 493 4124 3
530 4074 657 4144 nec]
695 4072 798 4127 del.
837 4072 1094 4142 Lipsiae,
1151 4072 1204 4126 ei
1253 4074 1404 4128 Tot-r.
1443 4075 1819 4141 (Mommsen),
1878 4078 1935 4127 et
1980 4074 2029 4127 Ι.
2061 4076 2131 4128 F.
2168 4075 2431 4139 Gronov„
2486 4075 2611 4144 lege

322 4152 382 4205 0.
407 4153 726 4220 Hirschfeld
851 4158 884 4205 4
921 4152 1224 4221 plebi.cito
1255 4154 1372 4219 Γᾶ,
1411 4153 1593 4222 plebis
1623 4154 1764 4206 scito
1790 4154 2013 4207 GTPO
2138 4155 2465 4223 obi-ogasset
2492 4157 2609 4210 edd.

318 4248 440 4285 eum
476 4231 752 4300 Stephano
895 4240 926 4285 5
966 4248 1000 4285 a
1036 4233 1312 4302 petitione
1349 4247 1504 4302 (app-
1536 4235 1641 4302 11¹)
1678 4233 1891 4289 HRP²
1907 4234 2093 4287 0231*
2235 4242 2299 4287 10
2340 4236 2612 4287 uaticinia

320 4312 653 4379 LPOSIP,
690 4312 942 4367 uaticina
970 4314 1022 4377 δ,
1060 4315 1127 4379 cf.
1153 4317 1372 4381 p.11,4
1521 4318 1586 4365 14
1624 4314 1812 4366 ferunt
1841 4332 1975 4368 corr.
2016 4332 2082 4367 ex
2110 4314 2319 4367 fuerint
2351 4315 2436 4379 M,
2471 4332 2607 4368 corr.

318 4408 386 4445 ex
429 4391 608 4445 fertur
643 4394 712 4457 P,
759 4393 937 4447 fertur
974 4394 1072 4460 RQ
1221 4398 1286 4445 16
1332 4409 1435 4461 per
1470 4411 1570 4446 om.
1614 4394 1666 4446 G
1814 4400 1877 4445 19
1926 4393 2279 4447 consulatum
2324 4396 2411 4453 Τς
2450 4401 2499 4447 et
2534 4397 2614 4448 sic

312 4488 417 4539 pro
443 4489 498 4525 u.
523 4474 556 4525 l.
581 4489 650 4527 88.
670 4471 756 4526 ΠΞ
783 4473 872 4542 (cf.
894 4490 956 4541 p.
979 4478 1067 4537 10,
1085 4476 1178 4540 24)
1324 4475 1661 4541 tempestate
1695 4474 1747 4526 V
1884 4480 1949 4525 ‘22
1982 4476 2037 4525 et
2065 4492 2164 4527 one.
2202 4476 2275 4527 M
2415 4475 2609 4545 etiam]

317 4551 434 4604 iam
472 4550 526 4605 G
