3259 5209
533 1441 619 1507 17

630 427 768 496 304
1339 426 1407 480 C:
1431 427 1751 493 SVETONJ
1787 427 2232 494 TRANQVILLI

636 595 855 661 torem·
900 589 1121 656 hostes
1174 591 1716 677 appropinquare.
1793 592 2114 656 'continuo
2177 593 2382 678 igitur
2441 592 2778 658 abstrusus
2833 615 2940 678 ge-

636 697 907 788 statoria
960 697 1118 768 sella
1164 697 1416 762 duobus
1456 697 1619 764 ,00110
1665 697 2032 781 comitibus,
2086 697 2332 782 pistore
2373 703 2444 762 et
2491 719 2666 782 coco,
2723 699 2938 763 Auen-

632 803 843 871 tinum
892 809 956 868 et
1002 809 1337 887 paternam
1382 804 1646 872 domum
1685 807 1850 870 clam
1886 806 2070 889 petit,
2116 809 2191 868 ut
2227 805 2374 870 inde
2412 805 2480 870 in
2519 803 2939 888 Campaniam

634 910 916 996 fugeret3
963 933 1117 980 mox
1162 911 1292 976 leui
1340 932 1595 978 rumore
1643 915 1708 979 et
1745 912 2010 995 incerto,
2056 914 2390 996 tamquam
2427 933 2554 996 pax
2593 911 2941 994 impetrata

554 1069 571 1086 1
636 1021 820 1102 esset,
880 1017 1103 1084 referri
1170 1040 1239 1082 se
1298 1019 1367 1085 in
1425 1017 1749 1084 Palatium
1807 1039 2034 1102 passus
2094 1022 2208 1084 est.
2299 1017 2414 1083 ubi
2475 1039 2624 1084 011111
2686 1018 2940 1082 deserta
3001 1045 3026 1083 s

634 1125 853 1190 omnia
888 1125 1297 1209 repperisset,
1334 1123 1784 1192 dilabentibus,
1806 1130 1873 1189 et
1909 1125 2022 1209 qui
2057 1127 2251 1190 simul
2287 1129 2486 1209 erant,
2525 1146 2686 1192 zona
2723 1145 2793 1190 se
2829 1145 2942 1188 au-

634 1253 893 1296 reorum
949 1233 1143 1315 plena
1196 1231 1630 1298 circumdedit
1675 1231 2096 1317 confugitque
2155 1233 2224 1297 in
2277 1233 2576 1298 cellulam
2623 1231 2942 1316 ianitoris,

635 1337 911 1424 religato
960 1360 1078 1422 pro
1126 1338 1375 1402 foribus
1422 1359 1578 1403 cane
1620 1337 1920 1421 lectoque
1967 1343 2033 1402 et
2078 1339 2314 1404 culcita
2359 1338 2650 1404 obiectis.

816 1444 1195 1529 Irruperant
1258 1444 1386 1509 iam
1452 1445 1735 1529 agminis
1799 1449 2231 1511 antecessores
2293 1467 2386 1509 ac·
2424 1445 2680 1510 nemine
2739 1445 2938 1508 obuio

636 1552 1053 1635 rimabantur,
1110 1556 1183 1616 ut
1238 1552 1331 1636 fit,
1388 1551 1659 1637 singula.
1753 1553 1832 1617 ab
1887 1553 1990 1618 1110
2037 1556 2360 1617 extractus
2407 1575 2440 1616 e
2486 1551 2762 1634 latebra,
2818 1552 2936 1616 sci·
2973 1579 3028 1618 ιο

636 1659 960 1741 scitantes,
1018 1658 1164 1742 quis
1220 1663 1389 1728 esset
1435 1695 1523 1709 ο-
1566 1681 1718 1724 nam
1774 1659 2196 1745 ignorabatur
2237 1697 2326 1706 ——
2373 1663 2438 1723 et
2483 1659 2598 1723 ubi
2643 1681 2780 1741 esse
2827 1657 2940 1722 Vi—

636 1764 889 1828 tellium
938 1765 1147 1848 sciret,
1192 1765 1523 1834 mendacio
1562 1766 1788 1849 elusit3
1834 1765 2058 1830 deinde
2096 1767 2353 1851 agnitus
2401 1785 2628 1849 rogare
2663 1785 2798 1829 non
2835 1765 2940 1828 de·

636 1870 825 1956 stitit,
873 1871 1057 1954 quasi
1105 1871 1414 1955 quaedam
1466 1872 1541 1935 de
1588 1871 1798 1936 salute
1834 1871 2212 1956 Vespasiani
2261 1872 2570 1954 dicturus,
2613 1876 2689 1934 ut
2725 1877 2939 1936 custo·

634 1979 879 2044 diretur
916 1979 1172 2042 interim
1212 1977 1317 2042 uel
1354 1978 1423 2043 in
1458 1999 1728 2061 carcere,
1766 1979 1968 2042 donec
2001 1977 2292 2063 religatis
2329 1982 2480 2062 post
2515 1981 2701 2063 terga
2736 1979 2939 2042 mani-

630 2085 778 2170 bus,
837 2085 1073 2150 iniecto
1135 2085 1493 2150 ceruicibus
1552 2085 1802 2169 laqueo,
1869 2089 2049 2150 ueste
2109 2084 2377 2152 discissa
2437 2085 2806 2150 seminudus
2867 2086 2938 2150 in
2971 2111 3028 2152 ιε

637 2191 851 2256 forum
908 2196 1153 2256 tractus
1214 2196 1309 2256 est
1364 2191 1533 2256 inter
1586 2214 1823 2278 magna
1875 2213 2088 2257 rerum
2134 2190 2610 2276 uerborumque
2654 2190 2938 2256 ludibria

637 2321 750 2381 per
796 2301 1007 2362 totum
1056 2298 1201 2372 uiae
1246 2320 1459 2362 sacrae
1489 2299 1786 2382 spatium,
1833 2298 2096 2363 reducto
2126 2319 2310 2362 coma
2337 2298 2564 2382 capite,
2611 2319 2726 2363 ceu
2751 2299 2938 2362 noxii

636 2405 867 2488 solent,
913 2409 1106 2488 atque
1153 2405 1346 2468 etiam
1392 2409 1612 2469 mento
1661 2426 1966 2470 mucrone
2013 2403 2212 2490 gladii
2249 2403 2572 2488 subi-ecte,
2617 2409 2691 2468 ut
2725 2405 2934 2468 uisen-

636 2512 783 2576 dam
836 2510 1170 2594 praeberet
1223 2511 1450 2574 faciem
1498 2534 1662 2576 neue
1709 2511 2170 2596 summitteret3
2225 2511 2609 2595 quibusdam
2655 2517 2934 2576 stercore

632 2703 821 2757 culum
856 2703 1032 2774 uulgi.
1112 2720 1177 2757 ac
1204 2719 1275 2757 ne
1312 2705 1477 2758 homo
1506 2705 1808 2773 impudens
1835 2704 1896 2756 in
1925 2703 2187 2758 extremis
2226 2703 2427 2757 saltem
2456 2703 2747 2770 malorum,
2785 2720 2932 2772 quae

633 2785 907 2853 gesserat,
950 2783 1153 2836 rubore
1190 2783 1396 2837 faciem
1434 2785 1784 2851 demitteret,
1832 2783 2083 2838 subiecto
2121 2783 2180 2837 in
2217 2785 2469 2836 mentum
2507 2783 2727 2853 gladio,
2765 2783 2932 2837 semi-

631 2863 842 2930 nudus,
889 2861 1083 2916 multis
1121 2879 1294 2917 caeno
1332 2863 1573 2932 fimoque
1611 2867 1672 2918 et
1717 2864 1918 2918 ceteris
1963 2862 2310 2932 turpioribus
2349 2863 2506 2917 dictu
2542 2864 2932 2933 purgamentis

629 2943 852 3000 uultum
890 2944 1010 2997 01110
1048 2943 1481 3009 incessentibus,
1522 2960 1623 3012 per
1661 2943 1841 2997 scalas
1879 2942 2176 2997 Gemonias
2214 2942 2458 2997 trahitur
2488 2986 2498 2996 .
2533 2989 2542 2998 .
2577 2986 2587 2996 .
2618 2945 2932 2999 numerosis

628 3023 834 3077 ictibus
874 3022 1161 3077 confossus
1198 3022 1428 3075 interiit.
1504 3025 1739 3092 Eutrop.
1783 3025 1906 3078 VII
1929 3029 2010 3090 18,
2041 3029 2074 3076 5
2111 3023 2441 3078 interfectus
2471 3066 2483 3076 .
2517 3066 2528 3078 .
2561 3067 2572 3076 .
2603 3028 2692 3078 est
2724 3041 2930 3094 magno

631 3104 925 3159 dedecore:
964 3106 1177 3159 tractus
1206 3121 1306 3174 per
1332 3104 1529 3158 urbem
1557 3103 1794 3156 Romam
1821 3101 2066 3172 publice,
2103 3103 2305 3170 nudus,
2344 3106 2528 3157 erecto
2558 3119 2716 3157 coma
2745 3105 2930 3172 capite

631 3187 688 3237 et
726 3185 977 3239 subiecto
1018 3186 1090 3238 ad
1128 3189 1381 3238 mentum
1418 3183 1638 3254 gladio,
1676 3186 1917 3237 stercore
1956 3182 2015 3235 in
2051 3183 2274 3237 uultum
2314 3187 2370 3236 et
2406 3186 2604 3251 pectus
2643 3184 2713 3238 ab
2751 3184 2930 3236 omni-

627 3264 733 3318 bus
772 3265 955 3319 obuiis
992 3265 1306 3334 adpetitus,
1344 3267 1626 3332 postremo
1666 3262 1954 3331 iugulatus
1992 3265 2051 3316 et
2086 3262 2147 3316 in
2183 3261 2431 3317 Tiberim
2467 3263 2720 3317 deiectus
2757 3263 2930 3318 etiam

630 3345 911 3399 communi
950 3345 1132 3398 caruit
1170 3344 1473 3413 sepultura.
1555 3344 1704 3396 Oros.
1748 3344 1871 3397 VII
1891 3346 1945 3408 8,
1973 3348 2009 3396 8
2046 3345 2132 3410 (ex
2169 3341 2312 3396 Suet.
2343 3349 2393 3397 et
2421 3343 2717 3412 Eutropio)
2757 3343 2930 3397 desti-

630 3428 784 3478 tutus
824 3423 1521 3494 adpropinquantibusque
1556 3422 1673 3475 iam
1699 3422 1956 3475 hostibus
1994 3421 2246 3491 trepidus
2286 3439 2413 3476 cum
2451 3439 2510 3476 se
2547 3423 2608 3476 in
2645 3424 2930 3492 quandam

628 3507 939 3574 proximam
968 3503 1186 3557 Palatio
1226 3503 1486 3558 cellulam
1516 3503 1895 3569 contrusisset,
1933 3500 2258 3571 turpissime
2285 3501 2417 3555 inde
2445 3505 2762 3572 protractus
2801 3521 2930 3558 cum

628 3601 729 3653 per
764 3585 917 3637 uiam
948 3584 1171 3637 Sacram
1208 3583 1391 3637 nudus
1430 3582 1744 3650 duceretur,
1781 3582 1993 3650 passim
2026 3582 2218 3635 fimum
2254 3583 2314 3636 in
2353 3600 2413 3636 os
2452 3583 2572 3638 01110
2611 3583 2930 3637 coniectan-

628 3664 781 3718 tibus
833 3665 893 3716 in
934 3664 1116 3718 forum
1167 3664 1469 3731 deductus,
1510 3706 1521 3718 .
1554 3705 1565 3717 .
1599 3705 1611 3717 .
1643 3663 1792 3731 apud
1845 3660 2142 3716 Gemonias
2195 3663 2372 3716 scalas
2423 3662 2928 3718 minutissimorum

628 3745 845 3798 ictuum
881 3743 1090 3797 crebris
1128 3743 1631 3814 conpunctionibus
1679 3741 2101 3797 excarnificatus
2148 3745 2320 3812 atque
2361 3743 2493 3797 inde
2529 3761 2673 3797 unco
2709 3747 2928 3798 tractus

628 3826 686 3880 et
723 3825 782 3877 in
818 3823 1068 3878 Tiberim
1104 3841 1317 3879 mersus
1356 3825 1529 3878 etiam
1567 3823 1848 3877 communi
1887 3823 2067 3876 caruit
2105 3823 2408 3892 sepultura.

774 4011 801 4058 1
859 4002 1081 4056 hostem
1124 4003 1235 4073 HQ
1289 4003 1481 4074 (uulq.)
1702 4007 1732 4053 3
1788 4001 1958 4073 petiit
2004 4004 2050 4053 Y
2257 4002 2322 4053 ut
2375 4000 2532 4072 inde]
2587 4001 2739 4055 unde
2795 4003 2931 4074 11¹0

629 4093 661 4139 4
700 4084 901 4138 incerti
938 4083 1034 4150 M,
1080 4083 1291 4136 incerte
1330 4082 1409 4137 1)
1626 4087 1659 4134 6
1698 4081 2100 4135 simulauerant
2131 4081 2208 4146 G,
2261 4079 2429 4134 simul
2473 4081 2658 4135 ierant
2693 4083 2930 4154 Bentley

629 4171 660 4218 9
702 4168 893 4219 autem
939 4170 1066 4218 ante
1103 4163 1217 4216 iam
1254 4165 1382 4217 add.
1414 4166 1475 4216 H
1507 4165 1661 4230 (pars
1697 4163 1857 4230 edd),
1909 4167 2014 4216 tres
2049 4162 2162 4227 fere
2200 4162 2300 4216 litt.
2332 4159 2523 4230 (iam?)
2561 4179 2750 4216 erasae
2784 4164 2848 4216 in
2875 4163 2934 4216 P

628 4252 693 4300 11
735 4244 899 4299 ecubi
936 4245 1084 4299 esset
1122 4246 1291 4312 (esset
1328 4243 1415 4312 P)
1454 4241 1720 4296 Vitellius
1749 4243 2006 4311 Bentley,
2063 4243 2121 4298 et
2158 4241 2254 4294 ubi
2293 4242 2442 4296 esset
2478 4240 2744 4296 Vitellius
2789 4259 2928 4296 num

627 4326 865 4396 Madvig
1038 4331 1103 4380 12
1142 4322 1629 4378 mendacio*lusit
1668 4325 1721 4390 (o
1757 4325 1820 4377 in
1855 4325 1988 4390 ras.)
2019 4325 2094 4376 M
2263 4327 2327 4376 17
2367 4338 2557 4376 sacrae
2595 4339 2697 4377 om.
2730 4322 2783 4377 G

623 4406 853 4460 redacto
893 4408 1050 4475 (em-r.
1088 4421 1156 4458 ex
1192 4404 1444 4472 reducto)
1484 4405 1555 4470 L,
1603 4404 1840 4458 reducta
1879 4403 2002 4466 TN,
2061 4404 2246 4456 erecto
2285 4403 2522 4472 Eutrop.
2739 4401 2930 4472 capite

626 4502 785 4538 coma
813 4487 878 4552 S,
935 4501 1093 4538 coma
1130 4502 1163 4538 a
1201 4485 1386 4553 capite
1406 4487 1473 4550 T,
1530 4502 1563 4536 a
1600 4483 1787 4551 eapite
1825 4497 1984 4536 coma
2019 4483 2088 4538 N
2293 4483 2474 4539 noxiis
2513 4481 2658 4538 solet
2687 4481 2926 4540 omub.

629 4571 695 4618 18
734 4564 985 4619 subiecto
1015 4567 1081 4618 N
1113 4571 1164 4619 et
1200 4585 1233 4624 ς
1262 4565 1513 4633 plurimi,
1552 4564 1622 4629 cf.
1653 4565 1841 4618 testim.
