3259 5209
594 444 680 508 52
1290 444 1345 497 C.
1388 444 1704 497 SVETONI
1740 444 2190 509 TRANQVILLI

596 606 713 671 Gai
762 605 1050 671 Caesaris
1096 611 1161 670 et
1206 605 1433 671 deinde
1478 606 1761 693 Augusti
1809 628 2167 693 cognomen
2213 607 2578 690 assumpsit,
2623 606 2900 670 alterum

593 717 978 777 testamento
1024 713 1286 777 maioris
1324 714 1645 798 auunculi,
1693 714 1966 778 alterum
2005 713 2257 777 Munati
2295 712 2520 777 Planci
2563 713 2899 797 sententia,

596 843 741 885 cum
780 820 1165 905 quibusdam
1203 820 1611 885 censentibus
1639 819 1992 885 Romulum
2029 820 2341 905 appellari
2378 825 2675 905 oportere
2714 821 2899 903 quasi

596 930 661 990 et
706 927 920 1011 ipsum
969 926 1368 991 conditorem
1415 927 1614 1011 urbis,
1662 927 2144 1011 praeualuisset,
2189 930 2264 1017 ut
2301 926 2637 1013 Augustus
2678 925 2899 1010 potius

595 1037 961 1117 uocaretur,
1015 1055 1147 1098 non
1204 1036 1457 1097 tantum
1504 1055 1678 1098 nouo
1727 1032 1838 1097 sed
1885 1034 2079 1098 etiam
2135 1033 2452 1118 ampliore
2498 1032 2900 1120 cognomine,
2954 1057 2982 1097 s

598 1140 773 1223 quod
816 1139 960 1204 loca
1008 1162 1269 1223 quoque
1316 1140 1619 1227 religiosa
1667 1144 1731 1203 et
1776 1139 1846 1203 in
1896 1139 2134 1224 quibus
2179 1145 2495 1226 augurato
2547 1140 2704 1223 quid
2749 1161 2900 1205 con-

594 1250 883 1310 secratur
946 1250 1221 1332 augusta
1285 1247 1609 1329 dicantur,
1677 1246 1758 1310 ab
1827 1250 2020 1310 auctu
2095 1247 2200 1311 uel
2272 1246 2355 1310 ab
2425 1247 2646 1311 auium
2708 1252 2898 1333 gestu

594 1356 891 1439 gustuue,
938 1353 1103 1417 sicut
1152 1352 1346 1417 etiam
1389 1352 1640 1416 Ennius
1685 1354 1877 1437 (ann.
1916 1356 2046 1417 502
2077 1351 2215 1436 W>
2263 1352 2449 1417 docet
2495 1352 2807 1417 scribens:

639 1477 991 1562 Augusto
1022 1480 1346 1564 augurio
1375 1482 1788 1562 postquam
1828 1478 2128 1543 incluta
2157 1477 2470 1541 condita
2497 1476 2735 1541 Roma
2764 1484 2899 1543 est.

778 1601 1163 1679 Quadrimus
1227 1606 1477 1686 patrem
1544 1602 1779 1667 amisit.
1881 1601 2324 1667 duodecimum
2393 1624 2632 1666 annum
2697 1624 2898 1689 agens
2929 1626 2982 1664 10

595 1710 807 1773 auiam
854 1706 1087 1773 Iuliam
1135 1708 1500 1773 defunctam
1556 1730 1673 1792 pro
1728 1709 2027 1773 contione
2073 1708 2382 1773 laudauit.
2473 1708 2897 1793 quadriennio

594 1820 745 1899 post
792 1815 965 1879 uirili
1023 1819 1179 1900 toga
1234 1819 1493 1899 sumpta
1538 1814 1929 1879 militaribus
1987 1815 2172 1880 donis
2221 1814 2552 1898 triumpho
2603 1814 2896 1881 Caesaris

595 1921 900 1986 Africano
948 1923 1223 1986 donatus
1262 1926 1377 2005 est,
1425 1943 1794 2006 quanquam
1833 1944 2060 2005 expers
2098 1921 2250 1985 belli
2291 1924 2556 2006 propter
2601 1926 2897 1986 aetatem.

594 2028 957 2113 profectum
1002 2050 1155 2093 mox
1202 2029 1592 2092 auunculum
1639 2029 1705 2093 in
1743 2027 2090 2112 Hispanias
2131 2027 2438 2092 aduersus
2477 2026 2588 2092 Cn.
2625 2026 2898 2113 Pompei

595 2135 834 2200 liberos
871 2135 1137 2199 uixdum
1174 2136 1473 2201 firmuS.a
1509 2136 1696 2220 graui
1736 2134 2095 2198 ualitudine
2133 2157 2250 2217 per
2286 2133 2554 2198 infestas
2591 2134 2898 2199 hostibus
2927 2156 2977 2196 ιι

597 2382 868 2435 obtulisse
907 2382 958 2434 ei
996 2382 1107 2434 tria
1138 2380 1385 2447 nomina,
1416 2379 1633 2444 Quirini
1673 2380 1884 2449 (Cyl-ini
1921 2398 2054 2448 pars
2092 2381 2285 2449 codd),
2321 2382 2582 2449 Augusti,
2623 2379 2894 2435 Caesaris.

596 2461 709 2526 ille,
748 2479 818 2514 ne
854 2479 1029 2513 unum
1067 2460 1327 2530 eligendo
1369 2460 1510 2513 alias
1549 2459 1860 2514 offenderet
1896 2464 2104 2529 partes,
2141 2459 2322 2528 primo
2355 2458 2618 2523 Quirinus
2655 2463 2743 2514 est
2779 2461 2897 2515 dic-

596 2544 704 2607 tus,
743 2540 875 2595 inde
915 2542 1132 2605 Caesar,
1172 2542 1301 2609 post
1331 2541 1389 2592 in
1418 2540 1643 2593 nomine
1670 2541 1985 2609 permansit
2013 2540 2276 2609 Augusti.
2351 2542 2421 2605 cf.
2463 2542 2604 2609 Lyd.
2637 2541 2702 2595 dc
2729 2559 2894 2595 meus.

596 2626 648 2688 4,
679 2626 750 2675 72
797 2626 876 2690 (p.
910 2627 1017 2675 150
1050 2622 1153 2690 W.)
1209 2622 1307 2673 καὶ
1358 2616 1519 2680 οὗτος
1568 2619 1631 2675 δὲ
1685 2619 1713 2673 ὁ
1752 2621 2072 2690 Αὔγουστος
2109 2624 2354 2687 Καῖσαρ,
2409 2618 2535 2683 υἱὸς
2581 2616 2896 2691 Ὀκταβίου,

590 2700 953 2773 Ὀκταβιανὸς
982 2700 1255 2769 πρότερον
1285 2700 1531 2754 ἐκαλεῖτο
1564 2743 1574 2751 .
1600 2743 1610 2752 .
1637 2743 1646 2753 .
1678 2701 1812 2769 μετὰ
1836 2699 2070 2771 <δὲ>τὰ
2101 2699 2276 2753 πολλὰ
2305 2702 2402 2753 καὶ
2431 2700 2644 2769 μεγάλα
2675 2698 2896 2757 ἐκείνου

594 2780 840 2849 τρόπαια
877 2784 1101 2842 πολλοῖς
1139 2777 1413 2849 ὀνόμασιν
1455 2780 1700 2847 ἐτιμᾶτο·
1743 2778 1797 2832 οἱ
1835 2778 1936 2847 μὲν
1974 2778 2080 2848 γὰρ
2121 2780 2294 2832 αὐτὸν
2324 2778 2614 2849 ὠνόμαζον
2644 2784 2896 2846 Κυρῖνον

597 2861 770 2917 οἱονεὶ
801 2859 1098 2929 Ῥωμύλον,
1138 2860 1291 2913 ἄλλοι
1329 2856 1607 2926 Καίσαρα,
1645 2857 1822 2929 ’ψήφῳ
1865 2859 1926 2912 δὲ
1966 2866 2128 2929 κοινῇ
2168 2868 2278 2911 τῶν
2318 2858 2624 2930 ἀρχιερέων
2660 2862 2758 2913 καὶ
2795 2868 2898 2928 τῆς

596 2944 799 3010 βουλῆς
834 2940 1159 3010 Αὔγουστος
1210 2938 1507 3007 ἐπεκλήθη.
1657 2946 1684 2992 1
1748 2939 1929 2992 Victor
1978 2940 2126 2993 Caes.
2161 2944 2218 3005 1,
2249 2945 2280 2992 1
2330 2938 2674 2993 Octauianus
2731 2942 2894 3010 patre

597 3021 832 3075 Octauio
882 3024 1052 3088 atque
1101 3020 1405 3088 adoptione
1449 3019 1642 3087 magni
1691 3018 1955 3071 auunculi
2011 3018 2264 3073 Caesaris
2313 3035 2379 3073 ac
2424 3037 2554 3073 mox
2599 3036 2894 3088 procerum

595 3102 849 3156 consulto
890 3102 959 3154 ob
998 3101 1293 3154 uictoriam
1340 3100 1590 3168 partium
1629 3099 1851 3168 placide
1900 3100 2202 3152 exercitam
2244 3099 2483 3169 Augusti
2521 3104 2894 3169 cognomento

597 3183 795 3235 dictus.
873 3182 1027 3249 Epic.
1059 3187 1119 3247 1,
1148 3186 1185 3233 2
1232 3180 1536 3247 adoptione
1578 3220 1588 3231 .
1624 3223 1632 3232 .
1668 3222 1679 3232 .
1721 3178 1776 3232 C.
1819 3179 2074 3232 Caesaris
2127 3178 2356 3232 maioris
2403 3178 2671 3232 auunculi
2718 3178 2894 3233 Gaius

598 3261 800 3315 Caesar
828 3261 1028 3325 dictus,
1061 3259 1264 3313 deinde
1294 3258 1364 3312 ob
1392 3259 1688 3311 uictoriam
1720 3260 2005 3328 Augustus
2037 3258 2463 3327 cognominatus
2494 3262 2593 3312 est.
2652 3259 2892 3329 Eutrop.

608 3343 731 3395 VII
760 3347 789 3393 1
832 3340 1177 3393 Octauianus
1219 3382 1228 3391 .
1263 3384 1273 3393 .
1308 3382 1317 3391 .
1359 3338 1611 3392 Caesaris
1659 3355 1861 3407 nepos,
1911 3356 2078 3407 quem
2115 3339 2212 3392 ille
2250 3341 2590 3392 testamento
2627 3338 2892 3393 heredem

595 3421 901 3487 reliquerat
956 3424 1013 3473 et
1069 3436 1270 3472 nomen
1327 3436 1487 3471 suum
1544 3418 1688 3472 ferre
1749 3419 1990 3472 iusserat
2042 3420 2130 3487 (cf.
2171 3420 2279 3473 Iul.
2312 3423 2423 3487 83).
2506 3419 2600 3471 hic
2657 3423 2743 3472 est
2793 3420 2894 3488 qui

594 3504 793 3569 postea
833 3501 1117 3567 Augustus
1149 3502 1233 3552 est
1262 3499 1445 3551 dictus
1476 3501 1533 3551 et
1560 3515 1745 3551 rerum
1775 3500 1989 3567 potitus
2029 3500 2118 3567 (cf.
2157 3500 2306 3553 Oros.
2332 3500 2419 3551 VI
2441 3504 2529 3565 18,
2553 3502 2621 3568 1).
2677 3500 2889 3554 Ati-son.

594 3585 725 3646 262,
747 3587 776 3633 1
810 3579 1096 3646 Octauius,
1124 3579 1274 3633 idem
1306 3578 1509 3631 Caesar
1537 3581 1593 3631 et
1619 3579 1865 3647 Augusti
1895 3579 2118 3632 nomine
2147 3578 2404 3632 nobilior.
2551 3586 2584 3631 4
2615 3580 2772 3647 Epit.
2797 3586 2892 3645 1‚1

599 3660 688 3713 uel
727 3659 992 3713 sanctiori
1020 3660 1244 3712 nomine
1271 3660 1527 3727 Augusto
1557 3658 1860 3727 appellato.
1923 3659 2065 3728 Lyd.
2098 3661 2162 3712 de
2191 3676 2352 3712 mens.
2374 3663 2425 3726 4,
2450 3663 2522 3711 72
2551 3662 2627 3727 (p.
2651 3664 2754 3713 151
2785 3660 2890 3727 W.)

596 3741 921 3810 Αὔγουστον
959 3738 1022 3793 δὲ
1062 3738 1113 3793 οἱ
1138 3736 1401 3808 Ῥωμαῖοι
1438 3738 1582 3792 κατὰ
1619 3738 1721 3807 τὴν
1761 3738 2000 3807 πάτριον
2040 3736 2318 3808 σημασίαν
2357 3742 2588 3793 καλοῦσι
2623 3739 2723 3793 τὸν
2759 3736 2887 3793 κατ’

596 3820 801 3874 οἰωνὸν
839 3821 935 3873 καὶ
972 3822 1127 3874 θεῶν
1175 3815 1487 3888 μαρτυρίαν
1534 3816 1927 3887 προαγόμενον
1976 3819 2055 3880 εἰς
2093 3816 2394 3890 βασιλείαν.
2470 3821 2538 3885 cf.
2578 3820 2715 3873 Isid.
2755 3820 2890 3889 orig.

596 3900 691 3953 IX
729 3904 777 3965 3,
809 3904 881 3952 16

740 4094 767 4139 1
810 4086 914 4139 Gai
944 4087 1042 4139 del.
1070 4087 1301 4139 Casaub.
1448 4084 1700 4139 Caesaris
1723 4085 2009 4157 <nomen>
2034 4087 2265 4154 Bentley
2409 4091 2442 4137 4
2479 4082 2894 4153 praeualuisset

595 4168 838 4237 LP¹SQ‚
876 4165 1072 4220 -luisse
1108 4167 1203 4219 rel.
1234 4172 1284 4220 et
1311 4165 1389 4220 P’
1534 4170 1565 4217 5
1604 4168 1827 4218 tantum
1865 4184 1896 4224 ς
1936 4166 2268 4232 (Erasmus,
2306 4169 2374 4218 esi
2411 4166 2484 4219 M
2487 4164 2556 4233 Q,
2595 4168 2663 4217 οῦ
2705 4164 2890 4233 GHR,

594 4256 691 4301 eni
722 4250 781 4314 V,
820 4250 1009 4300 autem
1046 4251 1123 4311 X,
1162 4244 1343 4298 solum
1381 4262 1407 4299 e
1442 4246 1556 4299 cod.
1592 4246 1777 4299 Cuius.
1818 4247 2066 4311 affertur,
2102 4262 2203 4299 om.
2235 4247 2270 4298 ὃ
2416 4250 2446 4296 6
2486 4244 2638 4311 quod
2674 4242 2800 4298 loca
2821 4276 2891 4286 —-

594 4329 773 4382 Roma
812 4331 896 4380 est
933 4328 1033 4380 del.
1077 4327 1429 4395 Camzeyieter
1467 4326 1662 4393 (oud,
1700 4327 1864 4393 Roth)
2031 4330 2058 4377 7
2101 4325 2172 4378 ab
2221 4327 2387 4378 auctu
2411 4354 2476 4363 —-
2499 4328 2742 4394 gustuue
2789 4326 2888 4380 del.

599 4409 832 4475 Gujetus
951 4410 1079 4459 actu
1104 4406 1251 4475 QRs
1380 4410 1409 4457 9
1450 4404 1669 4474 augirio
1694 4407 1765 4459 M
1877 4404 2094 4458 incluta
2125 4407 2176 4458 V
2198 4404 2418 4474 (induta
2447 4406 2518 4471 δ),
2557 4404 2773 4473 inclyta
2803 4408 2889 4473 M,

593 4488 792 4541 inclita
830 4487 971 4552 (ind-
1016 4486 1081 4556 Q)
1118 4487 1212 4541 rel.
1376 4490 1439 4537 10
1480 4485 1776 4537 duodecim
1817 4485 1938 4551 M1,
1977 4485 2256 4538 decimum
2288 4485 2537 4537 Vale-sitm
2573 4486 2662 4553 (cf.
2700 4485 2887 4555 Quint.

597 4572 718 4621 inst
752 4568 883 4621 XII
920 4568 1044 4634 6,1)
1194 4571 1259 4619 13
1299 4581 1494 4634 expers
1533 4581 1631 4618 om.
1677 4565 1728 4617 G
1874 4572 1939 4619 15
1976 4566 2072 4617 uix
2109 4568 2228 4619 tum
2267 4565 2390 4617 HR
