3259 5209
655 418 788 482 220
1355 421 1411 473 U.
1453 420 1768 475 SVETONI
1806 420 2250 486 TRANQVILLI

657 583 968 646 uxoribus
1005 583 1184 648 tulit:
1223 605 1300 647 ex
1330 582 1741 668 Vrgulanilla
1770 583 2053 648 Drusum
2094 589 2158 648 et
2188 583 2545 671 Claudiam,
2576 606 2652 649 ex
2690 584 2979 648 Paetina

659 688 1039 774 Antoniam,
1097 711 1175 754 ex
1221 689 1570 754 Messalina
1617 689 1952 754 Octauiam
2010 696 2073 754 et
2121 713 2312 775 quem
2368 691 2581 775 primo
2632 690 2975 756 Germani-

660 817 831 878 cum,
899 818 1049 859 mox
1105 795 1552 861 Britannicum
1618 798 2119 882 cognominauit.
2215 797 2501 862 Drusum
2549 798 2971 883 '‘pompeium

657 902 966 985 puberem
1022 904 1240 966 amisit
1295 904 1436 988 piro
1494 926 1607 988 per
1663 904 1878 968 lusum
1928 906 1995 968 in
2042 905 2317 969 sublime
2376 906 2613 968 iactato
2668 908 2732 967 et
2776 903 2973 968 hiatu

661 1009 792 1072 oris
854 1014 1120 1094 excepto
1183 1010 1686 1095 strangulatum,
1748 1033 1893 1074 cum
1954 1012 2012 1075 ei
2074 1016 2223 1076 ante
2277 1034 2517 1096 paucos
2574 1011 2711 1075 dies
2758 1011 2973 1074 filiam
3040 1037 3067 1075 5

663 1113 877 1180 Seiani
935 1116 1398 1201 despondisset.
1484 1139 1611 1201 quo
1674 1119 1882 1202 magis
1944 1119 2147 1182 miror
2206 1118 2407 1182 fuisse
2464 1119 2575 1202 qui
2636 1117 2973 1182 traderent

659 1221 884 1286 fraude
938 1245 976 1286 a
1024 1221 1256 1288 Seiano
1310 1228 1626 1287 necatum.
1722 1222 2055 1288 Claudiam
2118 1248 2193 1288 ex
2256 1225 2492 1289 liberto
2551 1247 2671 1289 suo
2727 1224 2975 1288 Botere

551 1359 558 1367 ·
661 1334 1062 1414 conceptam,
1134 1330 1430 1413 quamuis
1493 1335 1643 1393 ante
1706 1331 2005 1415 quintum
2066 1353 2353 1395 mensem
2414 1331 2683 1395 diuortii
2744 1335 2973 1394 natam

661 1435 874 1519 alique
931 1440 1252 1519 coeptam,
1309 1437 1543 1519 exponi
1597 1440 1816 1500 tamen
1872 1437 1952 1499 ad
2010 1439 2233 1501 matris
2291 1439 2547 1501 ianuam
2604 1443 2668 1501 et
2722 1437 2969 1500 nudam

591 1555 622 1602 2
663 1542 852 1605 iussit
909 1542 1091 1606 abici.
1185 1541 1537 1608 Antoniam
1587 1542 1699 1607 Cn.
1739 1543 2048 1626 Pompeio
2109 1544 2376 1628 Magno,
2437 1543 2666 1607 deinde
2720 1543 2970 1608 Fausto
3008 1570 3065 1606 ιο

665 1647 898 1732 Sullae,
943 1649 1369 1713 nobilissimis
1418 1650 1779 1734 iuuenibus,
1828 1648 2161 1714 Octauiam
2200 1650 2445 1715 Neroni
2494 1650 2796 1735 priuigno
2844 1673 2971 1714 suo

665 1754 1025 1838 collocauit,
1076 1754 1294 1819 Silano
1345 1760 1492 1819 ante
1532 1756 1932 1840 desponsam.
2008 1756 2456 1821 Britannicum
2495 1743 2803 1821 uicesimo
2848 1758 2968 1820 im-

663 1861 826 1944 perii
874 1862 976 1926 die
1025 1863 1216 1946 inque
1255 1863 1533 1927 secundo
1575 1864 1914 1928 consulatu
1953 1868 2175 1927 natum
2220 1863 2347 1927 sibi
2385 1865 2727 1948 paruulum
2768 1863 2967 1927 etiam

664 1971 805 2030 tum
854 1971 916 2030 et
963 1967 1159 2032 militi
1205 1992 1323 2052 pro
1377 1970 1677 2034 contione
1725 1970 2022 2035 manibus
2067 1971 2201 2034 suis
2239 1975 2501 2055 gestans
2540 1977 2605 2034 et
2638 1971 2810 2054 plebi
2851 1991 2973 2053 per

667 2075 1030 2157 spectacula
1076 2076 1323 2160 gremio
1372 2080 1482 2139 aut
1531 2080 1678 2142 ante
1727 2099 1794 2140 se
1842 2077 2127 2141 retinens
2174 2077 2429 2142 assidue
2474 2076 2969 2142 commendabat
3004 2103 3055 2140 ιε

665 2179 1022 2264 faustisque
1053 2182 1465 2265 om<i>nibus
1495 2205 1640 2246 cum
1682 2183 2177 2249 adclamantium
2214 2185 2407 2248 turba
2434 2183 2965 2268 prosequebatur.

667 2307 700 2348 e
747 2288 998 2370 generis
1046 2287 1373 2352 Neronem
1421 2290 1774 2373 adoptauit,
1821 2289 2199 2374 Pompeium
2250 2295 2445 2374 atque
2492 2290 2781 2355 Silanum
2828 2313 2969 2354 non

665 2394 988 2456 recusauit
1035 2394 1244 2478 modo,
1292 2396 1405 2458 sed
1451 2399 1512 2458 et
1561 2397 1903 2460 interemit.

560 2494 648 2559 28
842 2499 1253 2564 Libertorum
1302 2503 1642 2586 praecipue
1689 2504 1979 2586 suspexit
2025 2503 2303 2568 Posiden
2350 2505 2726 2588 spadonem,
2773 2527 2967 2588 quem

667 2604 861 2668 etiam
916 2595 1292 2672 Britannico
1349 2609 1681 2692 triumpho
1738 2609 1906 2673 inter
1960 2610 2273 2674 militares
2331 2613 2507 2675 uiros
2563 2611 2753 2675 hasta
2805 2633 2969 2694 pura
3002 2635 3059 2675 so

667 2711 959 2796 donauit3
1005 2734 1122 2776 nec
1168 2715 1381 2779 minus
1428 2715 1726 2802 Felicem,
1777 2737 1966 2800 quem
2014 2717 2391 2782 cohortibus
2440 2723 2505 2782 et
2542 2718 2663 2781 alis
2702 2719 2965 2803 prouin-

813 2955 844 3002 3
903 2951 1138 3019 Eutrop.
1191 2953 1314 3006 VII
1349 2956 1444 3020 13,
1468 2957 1502 3006 3
1547 2953 1778 3007 filio
1812 2970 1911 3007 suo
1960 2953 2273 3008 Britannici
2320 2971 2521 3008 nomen
2568 2955 2852 3025 imposuit.

671 3036 734 3083 19
750 3049 866 3099 sqq.
901 3031 1055 3099 Epv't.
1087 3037 1140 3098 4,
1161 3038 1194 3086 7
1233 3049 1298 3085 ex
1338 3034 1541 3100 quibus
1581 3035 1827 3102 (libe-rtis)
1866 3033 2109 3088 Felicem
2158 3035 2476 3104 legionibus
2522 3036 2766 3090 Iudaeae
2802 3052 2965 3105 prac-

667 3111 818 3165 fecit.
877 3111 1133 3166 Possidio
1174 3115 1271 3182 (sic
1308 3115 1396 3167 uel
1424 3112 1771 3178 PoseidoniQ
1803 3113 2117 3168 Possidioni
2146 3117 2317 3178 codd„
2348 3114 2648 3170 Posidonio
2680 3117 2938 3183 Landols.

668 3192 922 3245 eunucho
961 3197 1090 3260 post
1119 3193 1462 3261 triumphum
1497 3193 1881 3247 Britannicum
1909 3195 2058 3247 inter
2084 3194 2416 3248 militarium
2446 3195 2779 3250 fortissimos
2808 3213 2969 3250 arma

668 3271 918 3340 insignia
957 3275 1228 3342 tanquam
1259 3273 1525 3342 participi
1565 3273 1839 3328 uictoriae
1879 3275 2024 3328 dono
2064 3275 2235 3328 dedit.
2294 3276 2465 3329 Schol.
2497 3277 2627 3330 qu.
2660 3281 2745 3342 14,
2764 3283 2831 3330 91
2872 3277 2967 3328 hic

669 3351 896 3404 Posides
937 3353 1128 3420 spado,
1167 3353 1401 3406 libertus
1432 3354 1631 3407 Claudi
1672 3355 2044 3423 imperatoris,
2083 3359 2277 3408 tantae
2316 3356 2537 3425 gratiae
2576 3361 2633 3410 et
2671 3359 2967 3425 potentiae

669 3430 796 3496 fuit,
833 3435 898 3483 ut
928 3448 1054 3485 eum
1084 3432 1350 3486 Claudius
1380 3434 1439 3485 in
1467 3435 1794 3487 Britannico
1823 3435 2110 3504 triumpho
2140 3436 2288 3488 inter
2316 3435 2593 3490 militares
2621 3437 2771 3491 uiros
2800 3437 2967 3491 hasta

669 3527 811 3577 pura
849 3511 1520 3578 donauerit‚·cohortibus
1559 3531 1782 3582 quoque
1822 3517 1878 3567 et
1917 3515 2021 3568 alis
2060 3516 2498 3584 prouinciaeque
2525 3516 2768 3570 Iudaeae
2806 3535 2964 3586 prae-

669 3591 945 3658 posuerit,
985 3590 1187 3645 lectica
1224 3610 1324 3660 per
1360 3594 1556 3646 urbem
1593 3595 1859 3647 uectandi
1898 3595 2332 3663 spectaculaque
2370 3596 2596 3665 publice
2636 3597 2839 3652 edendi
2878 3599 2965 3650 ius

671 3669 946 3724 tribuerit.
1005 3669 1212 3738 legitur
1249 3672 1309 3724 in
1348 3673 1628 3728 Suetonio

815 3907 840 3952 1
884 3901 1214 3955 erculanilla
1251 3903 1428 3968 (herc-
1458 3905 1528 3969 L,
1566 3921 1684 3973 erg·
1717 3905 1837 3972 ST)
1868 3909 1919 3958 Ω.
2082 3913 2113 3958 3
2154 3905 2411 3976 Pompeis
2449 3907 2797 3976 impuberem
2826 3910 2963 3977 Lip-

668 3983 812 4045 sius,
861 3982 1265 4049 propemodum
1311 4001 1364 4051 p.
1414 3984 1673 4048 Ursinus,
1730 4002 1905 4053 prope
1956 3986 2069 4038 iam
2120 4005 2173 4054 p.
2214 3987 2473 4056 Bentley,
2524 4005 2699 4056 prope
2750 3991 2869 4040 tum
2912 4007 2963 4056 p.

670 4061 937 4114 Bt‘t'cheler
1045 4069 1074 4112 5
1115 4079 1240 4115 cum
1279 4063 1331 4115 ei
1361 4065 1607 4130 Lipsius,
1648 4064 1738 4117 cui
1776 4069 1833 4117 et
1861 4069 1911 4117 Sl
2026 4072 2051 4117 7
2093 4067 2185 4136 ex]
2217 4069 2279 4119 ut
2317 4067 2553 4122 Ursinus
2668 4067 2861 4121 botore
2896 4069 2966 4131 G,

671 4139 860 4194 Sotere
894 4141 1182 4196 Reinesius
1344 4149 1374 4195 9
1414 4143 1635 4211 aliqu*
1668 4147 1755 4210 M,
1802 4145 2012 4212 aliique
2045 4147 2110 4212 P,
2149 4144 2340 4213 aliquo
2374 4148 2466 4201 ΤΒ
2625 4153 2689 4199 12
2730 4147 2965 4216 despon—

673 4223 853 4273 sata-m
887 4222 1120 4288 HRLT,
1157 4223 1226 4287 cf.
1258 4225 1367 4276 Iul.
1400 4229 1428 4274 1
1545 4229 1608 4275 13
1649 4224 1817 4291 inque
1856 4226 2048 4294 (inquo
2079 4228 2212 4294 LP)
2252 4227 2498 4281 secundo
2538 4227 2832 4280 consulatu
2862 4228 2961 4280 del.

670 4301 1015 4371 Nipperdey,
1047 4309 1170 4369 post
1210 4303 1318 4355 sibi
1355 4305 1580 4357 collocat
1611 4305 1858 4370 Clt'nton,
1896 4305 1954 4358 in
1986 4305 2046 4370 Q.
2081 4306 2323 4359 Secundi
2352 4307 2647 4360 consulatu
2676 4309 2967 4361 Lehmann

671 4380 785 4448 (Cn.
811 4382 1112 4435 Saturnino
1133 4381 1195 4446 Q.
1218 4382 1471 4437 Secundo
1503 4401 1677 4437 conss.
1715 4386 1984 4450 Valelon);
2011 4387 2415 4441 distinctionem
2440 4391 2684 4442 mutauit
2700 4389 2967 4441 Bet-hezer

671 4463 758 4528 (cf.
791 4465 995 4529 comm.)
1181 4469 1245 4515 15
1299 4466 1398 4516 aut
1444 4481 1545 4517 om.
1583 4466 1632 4519 G
1818 4471 1881 4518 16
1935 4466 2191 4520 omnibus
2236 4468 2476 4536 (omibus
2520 4469 2599 4537 P)
2630 4470 2707 4532 a,
2756 4484 2890 4523 corr.
2932 4487 2965 4527 ς

669 4543 806 4608 (edd.
849 4543 1056 4610 princ.)
1205 4550 1267 4595 19
1306 4543 1570 4612 possiden
1603 4545 1718 4600 MS
1859 4551 1921 4597 21
1965 4548 2023 4598 et
2061 4545 2191 4617 alis]
2229 4547 2386 4601 italis
2420 4548 2471 4602 G
