3259 5209
628 455 761 519 300
1326 455 1381 508 C.
1422 453 1738 510 SVETOM
1774 453 2220 520 TRANQVILLI

626 617 919 702 neglecto
966 616 1240 682 Alliensi
1285 617 1387 682 die
1434 617 1881 701 pontificatum
1931 618 2283 684 maximum
2320 619 2509 703 cepit,
2557 619 2823 684 comitia
2863 619 2932 682 in

628 725 845 790 decem
890 746 1093 789 annos
1139 723 1465 790 ordinauit
1511 746 1705 807 seque
1751 727 2132 808 perpetuum
2172 724 2520 793 consulem.
2605 729 2670 790 et
2704 745 2787 790 ne
2825 724 2930 789 cui

630 831 897 896 dubium
942 831 1147 913 foret,'
1174 830 1348 916 quod
1393 833 1723 916 exemplar
1765 831 2080 917 regendae
2125 833 2217 896 rei
2261 855 2322 916 p.
2371 832 2657 917 eligeret,
2716 831 2931 896 medio

628 937 862 1003 Martio
910 959 1137 1021 campo
1185 937 1476 1004 adhibita
1519 938 1928 1021 publicorum
1977 937 2380 1004 sacerdotum
2426 937 2792 1023 frequentia
2839 938 2932 1001 in-

542 1073 547 1085 ·
628 1045 823 1110 ferias
850 1045 1098 1110 Neroni
1127 1044 1405 1110 deditae
1432 1043 1728 1109 sollemni
1758 1044 2060 1111 conuiuio
2091 1043 2532 1110 citharoedum
2570 1047 2930 1129 placentem
2995 1067 3032 1110 s

629 1153 841 1237 palam
889 1150 1249 1234 admonuit,
1304 1155 1380 1215 ut
1426 1149 1722 1232 aliquid
1769 1155 1841 1216 et
1888 1151 1973 1216 de
2020 1151 2408 1217 dominico
2454 1151 2774 1234 diceret,
2839 1151 2934 1215 in·-

632 1257 1018 1341 cohantique
1072 1256 1441 1344 Neroniana
1493 1259 1744 1322 cantica
1789 1258 2038 1343 primus
2087 1257 2382 1322 exultans
2428 1259 2624 1322 etiam
2669 1259 2932 1342 plausit.

524 1363 610 1429 12
629 1364 875 1429 talibus
912 1364 1249 1450 principiis
1288 1385 1585 1450 magnam
1626 1365 1884 1447 imperii
1919 1369 2168 1447 partem
2214 1384 2348 1429 non
2384 1365 2512 1429 nisi
2560 1363 2830 1430 consilio
2871 1371 2938 1429 et

630 1471 903 1536 arbitrio
957 1472 1261 1536 uilissimi
1316 1471 1625 1555 cuiusque
1681 1470 2070 1536 histrionum
2127 1473 2194 1535 et
2249 1471 2618 1557 aurigarum
2667 1470 2936 1536 admini-

632 1579 863 1644 strauit
900 1582 966 1642 et
1004 1579 1281 1643 maxime
1316 1579 1586 1642 Asiatici
1623 1577 1861 1642 liberti.
1907 1577 2080 1643 hunc
2116 1577 2665 1642 adulescentulum
2705 1584 2934 1643 mutua
2967 1601 3032 1642 ιο

628 1684 897 1750 libidine
960 1689 1484 1768 constupratum,
1546 1707 1700 1750 mox
1765 1684 1977 1749 taedio
2034 1683 2384 1771 profugum
2444 1706 2588 1748 cum
2645 1683 2936 1750 Puteolis

630 1813 887 1876 poscam
936 1793 1315 1857 uendentem
1361 1791 1893 1876 reprehendisset,
1938 1791 2170 1856 coiecit
2203 1791 2273 1855 in
2311 1791 2650 1874 compedes
2687 1793 2938 1856 statim-

632 1920 755 1982 que
790 1899 1024 1963 'soluit
1100 1903 1163 1963 et
1222 1905 1443 1962 rursus
1504 1900 1572 1962 in
1633 1897 1880 1963 deliciis
1939 1897 2197 1982 habuit3
2265 1899 2498 1962 iterum
2561 1897 2788 1964 deinde
2851 1899 2933 1962 ob

628 2004 897 2069 nimiam
960 2006 1429 2072 contumaciam
1504 2009 1568 2070 et
1624 2005 2034 2070 furacitatem
2095 2008 2402 2089 grauatus
2463 2005 2934 2070 circumforano

628 2111 901 2177 lanistae
960 2112 1249 2176 uendidit
1308 2112 1706 2196 dilatumque
1769 2111 1850 2176 ad
1895 2112 2088 2176 finem
2144 2113 2426 2178 muneris
2476 2116 2736 2195 repente
2785 2110 2934 2176 sub·
2971 2134 3030 2175 it

632 2219 833 2302 ripuit
897 2223 960 2283 et
1014 2220 1349 2303 prouincia
1404 2219 1658 2282 demum
1707 2223 1968 2302 accepta
2015 2217 2396 2282 manumisit
2439 2239 2515 2282 ac
2559 2219 2770 2302 primo
2817 2219 2936 2282 im-

630 2326 794 2410 perii
849 2325 951 2390 die
1006 2325 1216 2390 aureis
1271 2324 1539 2388 donauit
1594 2323 1806 2388 anulis
1863 2345 2055 2407 super
2111 2345 2352 2406 cenam,
2407 2345 2555 2390 cum
2602 2347 2788 2390 mane
2835 2346 2936 2389 ro-

630 2432 933 2517 gantibus
1005 2453 1121 2516 pro
1184 2451 1257 2495 eo
1321 2431 1568 2496 cunctis
1629 2429 1982 2494 detestatus
2045 2435 2213 2495 esset
2271 2429 2676 2496 seuerissime
2735 2433 2932 2496 talem

632 2540 945 2620 equestris
994 2535 1235 2602 ordinis
1283 2536 1617 2601 maculam.

526 2639 613 2707 13
818 2641 940 2707 Sed
1005 2644 1109 2708 uel
1165 2642 1505 2726 praecipue
1561 2642 1852 2708 luxuriae
1907 2644 2338 2729 saeuitiaeque
2394 2644 2647 2709 deditus
2707 2644 2933 2728 epulas
2969 2667 3032 2709 so

631 2751 947 2816 trifariam
997 2772 1261 2832 semper,
1308 2749 1627 2814 interdum
1678 2748 2137 2834 quadrifariam
2185 2749 2627 2834 dispertiebat,
2687 2751 2756 2815 in
2803 2752 2936 2816 ian-

632 2858 845 2924 tacula
900 2861 964 2922 et
1018 2856 1289 2940 prandia
1344 2860 1407 2920 et
1464 2877 1652 2920 cenas
1709 2855 2310 2940 comisationesque,
2385 2855 2573 2922 facile
2633 2859 2934 2922 omnibus

632 2966 959 3030 sufficiens
1005 2961 1364 3027 uomitandi
1412 2963 1891 3027 consuetudine.
1985 2962 2307 3028 indicebat
2352 2967 2570 3028 autem
2609 2965 2782 3028 aliud
2819 2965 2932 3028 alii

634 3072 849 3137 eadem
893 3071 1011 3154 die,
1056 3091 1173 3134 nec
1212 3071 1511 3153 cuiquam
1556 3071 1768 3134 minus
1807 3070 2050 3154 singuli
2088 3075 2434 3154 apparatus
2474 3071 2932 3156 quadringenis

562 3191 592 3238 2
635 3178 900 3243 milibus
969 3199 1305 3241 nummum
1383 3177 1828 3240 constiterunt.
1938 3177 2372 3242 famosissima
2435 3198 2629 3261 super
2692 3181 2932 3242 ceteras
2966 3199 3028 3242 τε

775 3342 806 3389 2
850 3352 970 3404 sqq.
1024 3335 1260 3402 Eutrop.
1305 3333 1427 3387 VII
1458 3337 1557 3398 18,
1585 3337 1619 3385 4
1673 3350 1800 3386 cum
1850 3331 2060 3386 Neroni
2108 3333 2307 3387 similis
2355 3349 2475 3389 esse
2532 3333 2707 3390 uellet
2761 3339 2934 3404 atque

629 3415 693 3468 id
744 3417 885 3469 adeo
937 3430 1072 3484 prae
1132 3431 1190 3467 se
1242 3415 1435 3479 ferret,
1486 3415 1552 3467 ut
1602 3412 1776 3466 etiam
1837 3413 2100 3481 exequias
2157 3413 2396 3470 Neronis
2441 3456 2454 3469 .
2499 3455 2512 3469 .
2558 3456 2570 3468 .
2611 3415 2930 3470 honoraret.

632 3499 700 3548 20
740 3495 975 3563 Eutrop.
1015 3493 1141 3547 VII
1159 3499 1246 3558 18,
1282 3497 1320 3546 2
1370 3493 1531 3562 graui
1583 3492 1826 3547 saeuitia
1877 3493 2142 3548 notabilis
2156 3535 2171 3560 ‚
2221 3493 2524 3564 praecipue
2573 3493 2828 3564 ingluuie
2875 3497 2934 3548 et

631 3574 960 3640 uoracitate‚
1000 3573 1211 3641 quippe
1247 3589 1375 3625 cum
1404 3573 1472 3626 de
1503 3572 1594 3625 die
1622 3588 1790 3641 saepe
1820 3575 2020 3640 quarto
2059 3572 2154 3628 uel
2182 3573 2380 3642 quinto
2410 3575 2624 3629 feratur
2652 3574 2930 3643 epulatus.

637 3654 786 3708 Oros.
826 3653 952 3706 VII
979 3658 1031 3718 8,
1064 3657 1099 3706 7
1134 3652 1453 3707 incredibili
1485 3695 1495 3706 .
1530 3694 1541 3706 .
1575 3694 1586 3706 .
1624 3651 1956 3706 uoracitatis
2004 3655 2276 3722 appetitu.
2342 3656 2410 3721 cf.
2453 3653 2682 3723 Lampr.
2713 3655 2930 3726 Helioy.

630 3737 721 3800 24,
752 3737 786 3786 3
931 3737 999 3785 25
1038 3733 1273 3800 Eutrop.
1316 3733 1439 3787 VII
1460 3737 1551 3798 18,
1580 3737 1615 3785 3
1653 3731 1948 3786 notissima
1975 3737 2126 3788 certe
2163 3750 2302 3788 cena
2333 3734 2636 3789 memoriae
2665 3733 2936 3788 mandata

633 3816 744 3874 est,
792 3823 971 3881 quam·
996 3812 1050 3867 ei
1087 3811 1349 3866 Vitellius
1386 3812 1562 3866 frater
1598 3812 1880 3880 exhibuit,
1917 3813 1978 3868 in
2016 3830 2128 3882 qua
2170 3831 2338 3884 super
2373 3816 2586 3869 ceteros
2624 3815 2734 3868 duo
2771 3815 2935 3868 milia

504 3899 517 3910 “
632 3892 888 3962 piscium,
926 3896 1142 3962 septem
1181 3892 1371 3945 auium
1410 3893 1669 3962 adposita
1707 3894 2022 3949 traduntur.

774 4031 805 4078 ὃ
846 4026 936 4097 ac]
966 4041 1034 4079 ac
1060 4043 1131 4080 ne
1162 4029 1238 4081 M
1349 4032 1379 4079 6
1420 4027 1478 4081 et
1505 4044 1605 4081 om.
1638 4029 1714 4081 M
1717 4026 1788 4096 ’ρ
1816 4030 1896 4096 (in
1925 4030 1999 4082 Μ
2013 4029 2295 4096 praecedit
2331 4027 2574 4098 aliquit),
2609 4028 2782 4083 etiam
2821 4029 2934 4100 (ec-

632 4109 685 4174 δ)
721 4105 815 4160 Nc?
949 4105 1019 4160 de
1048 4123 1149 4161 om.
1184 4107 1236 4160 G
1363 4105 1643 4160 dominico
1677 4108 1799 4161 MG
1811 4111 1871 4173 Τ,
1910 4107 2146 4162 domitio
2176 4109 2305 4175 XN,
2340 4107 2566 4162 domino
2595 4110 2800 4178 (dureo)
2832 4109 2936 4178 11²,

632 4183 930 4240 dominicis
959 4187 1187 4252 Hofstee
1305 4191 1371 4240 12
1400 4202 1633 4255 puscam
1671 4190 1719 4239 ‘I‘
1848 4192 1911 4240 13
1941 4186 2113 4240 soluit
2149 4189 2230 4242 ed.
2262 4189 2442 4250 Basa.
2471 4207 2523 4242 a.
2555 4193 2718 4254 1533,
2755 4188 2936 4244 coluit

632 4269 701 4332 a,
740 4265 1022 4336 ex(s)oluit
1054 4267 1196 4322 Oua.
1358 4266 1564 4320 iterum
1592 4283 1694 4321 om.
1729 4268 1781 4321 G
1945 4274 2011 4321 14
2049 4267 2404 4322 ferocitatem
2431 4273 2491 4322 X
2521 4271 2600 4337 (at
2639 4269 2822 4323 furoc·
2861 4269 2934 4335 L.

630 4363 685 4406 u,
714 4347 778 4399 in
822 4363 930 4400 ras.
978 4364 1047 4400 m.
1085 4349 1142 4415 2)
1190 4353 1241 4400 et
1284 4347 1395 4411 fere
1440 4346 1557 4400 edd.
1810 4347 2250 4401 circumforaneo
2298 4364 2331 4407 ς
2378 4353 2428 4402 et
2471 4350 2624 4420 uuly.
2665 4356 2792 4417 post
2827 4349 2936 4410 Sa?

632 4426 882 4480 bellicum
1042 4431 1108 4480 15
1148 4425 1509 4494 delatumque
1544 4428 1595 4478 Τ
1765 4433 1830 4481 16
1867 4443 2055 4481 manu
2077 4427 2265 4480 emisit
2296 4427 2348 4480 G
2519 4433 2582 4481 21
2625 4427 2684 4482 in
2720 4443 2822 4483 om.
2867 4433 2935 4497 X,

631 4521 765 4558 corr.
801 4504 879 4556 Ι)
1077 4505 1365 4560 iantacula
1404 4505 1475 4558 M
1479 4506 1583 4576 GQ
1619 4505 1672 4575 (i
1707 4506 2007 4575 gentacula
2039 4507 2091 4562 G
2129 4507 2191 4561 in
2227 4523 2400 4578 mary.
2441 4525 2506 4561 m.
2539 4510 2610 4578 1),
2647 4507 2936 4563 ientacula

632 4586 786 4653 (gen-
818 4585 953 4644 ΗΡ)
992 4585 1082 4638 rel.
1124 4587 1208 4652 (de
1245 4585 1323 4637 L¹
1356 4602 1463 4638 non
1501 4591 1750 4654 constat),
1787 4587 1856 4652 cf.
1901 4587 2005 4642 Vit.
2039 4592 2074 4640 7
2219 4592 2286 4640 24
2324 4587 2557 4642 minoris
2598 4588 2834 4644 Ursinus
