3259 5209
964 442 1179 497 DIVVS
1216 442 1596 497 AVGVSTVS
1637 454 1766 503 [car.
1800 456 1974 505 18—18]
2502 445 2588 509 59

288 626 436 669 cum
487 604 827 689 Cleopatra
881 606 1289 691 confugerat,
1354 605 1539 670 breui
1596 606 1848 691 potitus
1904 612 2019 672 est.
2111 612 2177 672 et
2230 608 2590 673 Antonium
2627 625 2660 671 4

288 710 549 794 quidem
606 733 781 775 seras
836 712 1245 777 condiciones
1303 714 1482 797 pacis
1527 716 1954 797 temptantem
2002 715 2083 778 ad
2129 718 2403 779 mortem
2449 715 2590 779 ade-

288 818 391 904 git
437 818 729 901 uiditque
775 822 1119 883 mortuum.
1210 818 1603 903 Cleopatrae,
1653 842 1842 905 quam
1891 826 2210 886 seruatam
2257 820 2590 906 triumpho

288 946 529 1012 magno
576 946 767 1009 opere
814 924 1140 1010 cupiebat,
1196 925 1392 989 etiam
1439 926 1686 1009 psyllos
1732 926 2048 1011 admouit,
2104 930 2215 1013 qui
2271 950 2588 992 uenenum

228 1056 257 1096 5
290 1052 367 1095 ac
430 1031 610 1095 uirus
672 1038 1049 1118 exugerent,
1115 1032 1289 1117 quod
1352 1034 1595 1116 perisse
1651 1055 1870 1097 morsu
1927 1034 2165 1119 aspidis
2220 1034 2590 1119 putabatur.

289 1136 611 1203 ambobus
658 1159 1061 1203 communem
1110 1140 1477 1223 sepulturae
1524 1139 1837 1204 honorem
1884 1140 2117 1205 tribuit
2159 1163 2230 1205 ac
2267 1143 2590 1207 tumulum

290 1244 373 1307 ab
428 1244 587 1328 ipsis
644 1244 1016 1309 incohatum
1080 1245 1297 1329 perfici
1361 1245 1567 1312 iussit.
1658 1245 2018 1310 Antonium
2075 1246 2399 1332 iuuenem,
2461 1272 2590 1313 ma-
2629 1262 2662 1309 5

289 1351 496 1415 iorem
543 1351 619 1415 de
666 1350 917 1416 duobus
962 1350 1196 1416 Fuluia
1231 1352 1489 1438 genitiS,
1536 1352 1880 1417 simulacro
1920 1352 2072 1418 Diui
2119 1352 2264 1437 Iuli,
2301 1354 2383 1417 ad
2419 1354 2592 1439 quod

289 1460 445 1540 post
489 1458 725 1521 multas
771 1461 835 1521 et
882 1458 1097 1522 irrita·
1145 1480 1363 1543 preces
1412 1460 1808 1545 confugerat,
1861 1460 2201 1545 abreptum
2245 1460 2590 1526 interemit.

206 1590 261 1629 ιο
291 1564 447 1627 item
491 1562 956 1649 Caesarionem,
994 1586 1183 1649 quem
1224 1588 1303 1629 ex
1332 1564 1601 1630 Caesare
1638 1570 1823 1650 patre
1854 1565 2196 1651 Cleopatra
2223 1568 2591 1651 concepisse

289 1668 721 1754 praedicabat,
767 1676 1113 1736 retractum
1162 1694 1197 1736 e
1243 1672 1400 1758 fuga
1446 1673 1765 1757 supplicio
1814 1674 2067 1740 adfecit.
2141 1675 2426 1757 reliquos
2461 1673 2590 1739 An·

291 1776 515 1860 toni[i]
572 1778 958 1864 reginaeque
1023 1800 1393 1843 communes
1451 1779 1688 1844 liberos
1753 1802 1885 1845 non
1939 1803 2121 1845 secus
2186 1804 2260 1846 ac
2322 1782 2593 1846 necessi-

292 1883 514 1948 tudine
579 1885 833 1948 iunctos
899 1885 1025 1949 sibi
1090 1890 1154 1950 et
1218 1887 1628 1951 conseruauit
1695 1890 1761 1950 et
1823 1908 1974 1951 mox
2038 1903 2156 1971 pro
2219 1888 2590 1951 condicione

292 1992 601 2075 cuiusque
647 1991 957 2055 sustinuit
1002 2013 1076 2055 ac
1120 1992 1307 2055 fouit.
1391 2014 1505 2077 per
1550 1993 1718 2057 idem
1767 1998 2021 2077 tempus
2059 1994 2488 2058 conditorium
2527 1990 2697 2058 et18

209 2121 263 2161 ιε
294 2118 529 2180 corpus
567 2095 789 2183 Magni
828 2098 1196 2181 Alexandri,
1245 2120 1389 2164 cum
1428 2100 1750 2183 prolatum
1790 2122 1823 2163 e
1860 2100 2173 2184 penetrali
2211 2100 2590 2166 subiecisset

292 2204 525 2287 oculis,
581 2225 817 2268 corona
870 2226 1063 2270 aurea
1118 2205 1423 2289 imposita
1478 2228 1552 2271 ac
1606 2206 1878 2271 floribus
1927 2207 2204 2291 aspersis
2249 2211 2591 2271 ueneratus

293 2316 393 2373 est
448 2311 931 2395 consultusque,
995 2334 1149 2375 num
1208 2316 1273 2376 et
1328 2312 1770 2377 Ptolemaeum
1832 2315 2146 2397 inspicere
2200 2315 2423 2397 uellet,
2478 2337 2591 2378 re-

291 2439 458 2503 gem
514 2439 589 2481 se
643 2418 989 2483 uoluisse
1049 2420 1139 2483 ait
1202 2417 1490 2502 uidere,
1554 2441 1704 2483 non
1761 2424 2124 2484 mortuos
2215 2419 2590 2506 Aegyptum
2630 2435 2662 2482 2

294 2524 360 2587 in
409 2526 781 2607 prouinciae
834 2525 1103 2590 formam
1166 2525 1484 2590 redactam
1540 2532 1614 2589 ut
1660 2525 2035 2591 feraciorem
2081 2526 2591 2613 habilioremque

212 2654 265 2694 20
294 2654 585 2695 annonae
640 2632 897 2696 urbicae
954 2632 1269 2714 redderet,
1333 2631 1542 2697 fossas
1599 2632 1835 2716 omnis,
1903 2634 1972 2697 in
2026 2656 2185 2717 quas
2242 2633 2434 2697 Nilus
2489 2658 2592 2697 ex-

293 2742 564 2817 aestuat,
601 2739 945 2803 oblimatas
981 2738 1179 2825 longa
1214 2743 1536 2803 uetustate
1564 2739 1832 2804 militari
1871 2762 2060 2823 opere
2097 2740 2377 2804 detersit.
2439 2763 2591 2823 quo-

294 2868 419 2929 que
476 2844 775 2909 Actiacae
834 2846 1145 2909 uictoriae
1210 2845 1519 2910 memoria
1574 2846 1958 2911 celebratior
2021 2851 2085 2910 et
2140 2849 2206 2911 iu
2261 2853 2589 2931 posterum

294 2957 487 3033 esset,
544 2953 765 3016 urbem
812 2950 1183 3036 Nicopolim
1240 2952 1409 3036 apud
1456 2952 1718 3018 Actium
1767 2954 2054 3018 condidit
2097 2954 2410 3038 ludosque
2459 2954 2592 3018 illic

296 3058 805 3142 quinquennales
854 3059 1192 3124 constituit
1242 3064 1307 3122 et
1354 3060 1662 3143 ampliato
1710 3065 1926 3124 uetere
1973 3060 2298 3144 Apollinis
2346 3062 2590 3144 templo

442 3319 473 3367 8
516 3314 663 3369 Oros.
704 3315 795 3369 VI
824 3318 911 3380 19,
941 3318 1015 3367 18
1064 3314 1361 3383 Cleopatra
1406 3316 1706 3383 postquam
1758 3332 1817 3368 se
1865 3316 1938 3369 ad
1982 3315 2328 3385 triumphum
2379 3316 2591 3369 seruari

294 3392 594 3460 intellexit,
631 3393 1012 3447 uoluntariam
1047 3399 1284 3449 mortem
1321 3398 1517 3464 petens
1556 3396 1859 3464 serpentis,
1905 3398 1971 3448 ut
2007 3399 2265 3465 putatur,
2307 3413 2496 3449 morsu
2532 3397 2590 3448 in

296 3474 525 3527 sinistro
580 3477 737 3528 tacta
790 3473 1023 3527 brachio
1081 3475 1353 3527 exanimis
1410 3476 1646 3528 inuenta
1703 3478 1816 3543 est,
1872 3476 2082 3529 frustra
2129 3475 2364 3530 Caesare
2419 3478 2593 3529 etiam

295 3554 511 3623 psyllos
550 3554 901 3619 admonente,
942 3555 1040 3622 qui
1078 3570 1297 3608 uenena
1334 3558 1654 3623 serpentum
1697 3572 1726 3608 e
1765 3555 2091 3609 uulneribus
2128 3555 2416 3609 hominum
2455 3556 2592 3609 hau-

296 3638 388 3688 stu
426 3650 687 3687 reuocare
726 3636 897 3702 atque
936 3650 1203 3704 exsugere
1232 3635 1428 3689 solent.
1496 3636 1563 3701 cf.
1595 3637 1829 3705 Eutrop.
1873 3637 1996 3690 VII
2017 3641 2050 3689 7
2089 3636 2240 3689 Seru.
2273 3638 2410 3690 Aen.
2447 3637 2602 3689 VIII

298 3719 410 3769 697
574 3720 641 3767 10
678 3716 748 3781 cf.
788 3714 961 3769 Schol.
1004 3716 1217 3768 Lucan.
1250 3717 1309 3768 X
1339 3720 1412 3769 76
1578 3720 1643 3769 18
1682 3718 1839 3784 Epir.
1871 3722 1922 3781 1,
1952 3721 1985 3769 4
2021 3717 2309 3785 regionem
2347 3715 2592 3785 Aegypti

296 3794 667 3849 inundatione
702 3793 823 3848 Nili
861 3810 1089 3848 accessu
1128 3794 1417 3849 difficilem
1466 3796 1792 3862 inuiamque
1829 3796 2132 3866 paludibus
2171 3797 2230 3849 in
2266 3796 2591 3864 prouinciae

296 3875 538 3928 formam
572 3873 805 3943 redegit.
886 3881 935 3939 1,
966 3881 997 3928 5
1038 3891 1209 3941 quam
1235 3878 1301 3927 ut
1330 3892 1585 3929 annonae
1613 3876 1770 3929 urbis
1801 3877 2084 3944 copiosam
2115 3876 2376 3943 efficeret,
2414 3876 2592 3929 fossas

296 3956 516 4009 incuria
562 3954 864 4008 uetustatis
902 3954 1038 4008 limo
1086 3954 1305 4008 clausas
1350 3955 1544 4009 labore
1592 3954 1836 4009 militum
1885 3956 2170 4024 patefecit.
2247 3958 2316 4021 cf.
2359 3957 2590 4024 Eutrop.

308 4036 429 4089 VII
462 4040 511 4088 7.
551 4040 587 4089 9

443 4254 474 4301 3
512 4252 749 4303 mortem
771 4248 823 4303 G
967 4257 1000 4302 4
1040 4249 1333 4303 admonuit
1357 4249 1598 4304 G¹P¹R¹
1744 4255 1776 4302 8
1817 4249 1886 4303 de
1922 4249 2087 4315 T'P²‚
2126 4266 2224 4302 om.
2261 4250 2384 4303 ΜΘ
2399 4250 2592 4313 VLP1,

296 4330 487 4385 malim
524 4344 554 4381 e
581 4330 673 4383 uel
698 4345 765 4383 ex
900 4334 931 4381 9
971 4328 1265 4397 abreptum
1298 4329 1442 4395 GR,
1481 4344 1594 4381 arr-
1624 4330 1715 4383 rel.
1748 4329 1880 4397 (522)
2011 4336 2076 4381 10
2115 4333 2275 4397 patre
2305 4332 2485 4400 (parte
2520 4330 2592 4397 V)

296 4428 399 4465 om.
428 4412 476 4462 Τ
617 4415 683 4462 15
722 4408 1091 4464 subiecissent
1124 4410 1313 4463 Medd.
1466 4414 1529 4460 16
1570 4409 1812 4477 aspersis
1843 4411 1908 4463 H
1917 4410 1995 4463 L²
2034 4412 2142 4478 (uel
2170 4410 2296 4477 Lss),
2336 4426 2592 4477 aspersus

300 4493 375 4545 M
380 4490 468 4556 X,
506 4494 736 4558 aspersu
769 4491 993 4558 (aspersi
1018 4490 1080 4558 Q,
1118 4505 1318 4557 asperu
1341 4491 1400 4541 Π
1407 4488 1442 4557 ¹)
1469 4489 1594 4555 GT,
1635 4490 1847 4557 asperis
1868 4491 1934 4543 N
2075 4494 2138 4541 17
2178 4489 2594 4542 Ptolemaeeum

298 4573 624 4640 Berneyycr,
663 4571 893 4641 Bentley
1040 4574 1107 4621 20
1144 4586 1334 4622 omnes
1372 4569 1552 4621 fossas
1595 4570 1646 4622 G
