3259 5209
621 429 751 494 152
1312 428 1368 486 C.
1410 428 1726 484 SVETONI
1762 427 2209 494 TRANQVILLI

616 615 781 676 quae
818 592 1047 676 primo,
1086 593 1267 677 quasi
1306 591 1389 656 ab
1428 592 1916 676 impatientibus
1955 592 2466 676 remedi<or>um
2505 614 2579 657 ac
2614 614 2747 657 non
2785 597 2922 656 tam

617 720 697 762 ex
744 699 941 764 animi
990 701 1308 764 sententia
1355 721 1546 783 quam
1594 699 1724 763 bile
1771 705 1836 763 et
1881 699 2215 766 stomacho
2262 701 2689 786 fingerentur,
2743 699 2924 762 uole-

616 805 732 872 bat
796 805 998 890 accipi
1060 806 1437 890 dicebatque
1499 806 1874 872 identidem:
1947 805 2278 889 oderint,
2338 805 2508 870 dum
2569 805 2917 890 probent.

618 911 765 977 dein
814 934 967 977 uera
1012 913 1204 997 plane
1248 917 1548 998 certaque
1594 935 1732 978 esse
1779 914 1918 996 ipse
1963 913 2118 978 fecit
2163 913 2373 978 fidem.

510 1015 608 1082 60
799 1017 875 1082 In
922 1020 1144 1103 paucis
1191 1018 1419 1084 diebus
1464 1041 1656 1104 quam
1698 1018 1972 1103 Capreas
2011 1021 2235 1107 attigit
2270 1020 2596 1105 piscatori,
2635 1019 2748 1103 qui
2795 1019 2920 1084 sibi
2983 1045 3020 1084 tr

618 1129 937 1191 secretum
987 1126 1205 1213 agenti
1249 1125 1557 1212 grandem
1604 1125 1878 1190 mullum
1933 1127 2347 1210 inopinanter
2395 1126 2737 1209 obtulerat,
2781 1148 2925 1210 per-

618 1231 836 1297 fricari
883 1233 1105 1297 eodem
1152 1234 1327 1317 pisce
1373 1233 1601 1296 faciem
1647 1233 1855 1316 iussit,
1899 1234 2162 1298 territus
2211 1234 2381 1318 quod
2430 1235 2486 1297 is
2524 1257 2562 1298 a
2598 1238 2782 1318 tergo
2829 1233 2924 1296 in-

618 1339 798 1403 sulae
842 1360 958 1424 per
1001 1359 1229 1424 aspera
1284 1344 1349 1404 et
1396 1339 1583 1405 deuia
1639 1341 1980 1423 erepsisset
2025 1341 2107 1404 ad
2153 1363 2252 1427 se3
2305 1338 2660 1427 gratulanti
2707 1343 2924 1404 autem

618 1447 788 1511 inter
832 1468 1134 1530 poenam,
1182 1445 1356 1530 quod
1401 1469 1532 1510 non
1579 1451 1645 1510 et
1690 1446 2030 1531 lucustam,
2079 1470 2270 1531 quam
2317 1446 2778 1533 praegrandem
2827 1467 2927 1511 ce-

616 1557 829 1638 perat,
889 1552 1259 1636 obtulisset,
1313 1553 1566 1618 lucusta
1621 1573 1877 1637 quoque
1931 1553 2200 1619 lacerari
2246 1575 2318 1618 os
2363 1553 2725 1637 imperauit.
2807 1554 2926 1618 mi·
2958 1577 3026 1617 ιο

616 1657 798 1724 litem
836 1660 1315 1744 praetorianum
1364 1660 1446 1725 ob
1486 1659 1866 1744 subreptum
1903 1683 1938 1724 e
1975 1660 2307 1725 uiridiario
2345 1681 2664 1744 pauonem
2713 1661 2928 1744 capite

616 1767 850 1851 puniit.
935 1767 999 1830 in
1059 1767 1337 1850 quodam
1392 1767 1622 1831 itinere
1677 1766 1930 1850 lectica,
1996 1789 2124 1851 qua
2179 1767 2561 1850 uehebatur,
2615 1767 2925 1850 uepribus

618 1873 930 1957 impedita
967 1873 1438 1958 exploratorem
1476 1873 1640 1956 uiae,
1676 1875 2028 1958 primarum
2065 1874 2427 1938 cohortium
2467 1874 2926 1958 centurionem,

514 1974 603 2042 61
624 1984 899 2044 stratum
964 1979 1144 2045 humi
1208 2001 1410 2065 paene
1475 1980 1557 2044 ad
1617 2001 1839 2046 necem
1902 1980 2288 2046 uerberauit.
2385 2001 2536 2045 mox
2601 1981 2670 2044 in
2735 2002 2924 2045 omne

619 2107 827 2172 genus
892 2086 1289 2151 crudelitatis
1354 2087 1568 2170 erupit
1631 2109 1982 2172 numquam
2040 2087 2373 2151 deficiente
2428 2088 2723 2172 materia,
2779 2109 2924 2152 cum
2959 2112 3020 2150 w

618 2194 831 2277 primo
878 2194 1128 2278 matris,
1184 2193 1411 2258 deinde
1456 2199 1766 2278 nepotum
1815 2198 1879 2257 et
1924 2215 2152 2278 nurus,
2198 2198 2525 2278 postremo
2574 2191 2788 2258 Seiani
2835 2193 2927 2258 fa-

622 2300 901 2364 miliares
959 2304 1153 2384 atque
1209 2301 1403 2364 etiam
1458 2305 1650 2365 notos
1706 2306 2223 2386 persequeretur3
2286 2305 2437 2384 post
2493 2301 2676 2365 cuius
2731 2301 2926 2365 inter-

622 2406 787 2470 itum
835 2406 941 2471 uel
986 2407 1398 2472 saeuissimus
1446 2407 1678 2472 extitit.
1763 2429 1892 2490 quo
1939 2409 2215 2472 maxime
2253 2407 2571 2491 apparuit,
2614 2429 2745 2472 non
2791 2412 2925 2473 tam

623 2513 836 2596 ipsum
893 2513 973 2578 ab
1025 2511 1255 2578 Seiano
1314 2515 1624 2579 concitari
1678 2515 1958 2597 solitum,
2005 2536 2197 2596 quam
2246 2512 2547 2578 Seianum
2595 2513 2925 2597 quaerenti

624 2620 991 2684 occasiones
1049 2621 1615 2706 sumministrasse3
1681 2622 1801 2685 etsi
1868 2622 2354 2704 commentario,
2409 2642 2600 2704 quem
2657 2621 2733 2684 de
2789 2622 2930 2685 uita
2956 2643 3021 2683 so

624 2748 740 2790 sua
788 2728 1153 2791 summatim
1191 2727 1597 2811 breuiterque
1645 2727 2027 2811 composuit,
2073 2749 2264 2792 ausus
2311 2731 2408 2791 est
2453 2729 2728 2792 scribere
2768 2726 2924 2791 Sei-

624 2854 844 2896 anum
901 2855 976 2897 se
1031 2834 1371 2917 punisse,
1437 2836 1637 2918 quod
1693 2834 2195 2918 comperisset
2249 2835 2502 2899 furere
2558 2834 2925 2900 aduersus

623 2939 917 3004 liberos
958 2937 1390 3004 Germanici
1429 2940 1587 3005 filii
1628 2942 1772 3019 sui;
1826 2963 2098 3024 quorum
2137 2942 2275 3025 ipse
2314 2941 2586 3006 alterum
2626 2946 2924 3026 suspecto

624 3047 771 3130 iam,
808 3046 1079 3111 alterum
1128 3069 1435 3130 oppresso
1484 3047 1739 3111 demum
1788 3046 2017 3112 Seiano
2065 3049 2405 3113 interemit.

550 3165 587 3214 2
808 3151 1201 3240 Singillatim
1250 3152 1595 3218 crudeliter
1641 3155 1812 3219 facta
1859 3155 1995 3218 eius
2052 3157 2282 3238 exequi
2336 3157 2604 3242 longum
2652 3162 2776 3238 est3
2821 3179 2926 3242 ge·
2955 3177 3015 3216 2⁵

622 3282 804 3342 nera,
857 3259 1039 3324 uelut
1086 3259 1479 3344 exemplaria
1526 3261 1857 3343 saeuitiae,
1914 3284 2281 3326 enumerare
2339 3266 2438 3325 sat
2486 3265 2625 3326 erit.
2707 3263 2928 3328 nullus

623 3389 663 3430 a
709 3387 917 3449 poena
962 3366 1295 3431 hominum
1344 3359 1621 3432 cessauit
1670 3367 1831 3449 dies,
1888 3390 1967 3432 ne
2013 3368 2355 3452 religiosus
2403 3367 2662 3452 quidem
2711 3392 2786 3434 ac
2833 3392 2928 3434 sa-

770 3582 801 3628 3
840 3579 909 3643 cs.
944 3579 1058 3632 Cal.
1082 3582 1155 3632 30
1320 3583 1386 3630 14
1408 3594 1527 3646 sqq.
1580 3579 1767 3632 Victor
1798 3578 1945 3632 Caes.
1966 3582 2020 3644 2,
2044 3584 2073 3632 1
2115 3579 2360 3633 atrocius
2397 3580 2636 3649 puniens
2675 3579 2927 3634 insontes

626 3655 839 3720 noxios,
880 3673 1009 3709 suos
1047 3657 1261 3725 pariter
1299 3659 1683 3726 externosque.
1751 3659 1818 3723 cs'.
1851 3659 2086 3726 Eutrop.
2119 3659 2243 3714 VII
2267 3665 2350 3726 11,
2375 3666 2403 3712 1
2449 3659 2597 3715 Oros.
2633 3661 2757 3715 VII
2783 3665 2836 3728 4,
2858 3665 2932 3714 10

628 3741 697 3789 25
740 3735 889 3791 Oros.
913 3738 945 3790 l.
978 3738 1011 3790 l.
1052 3737 1257 3791 referre
1297 3737 1631 3807 singillatim
1669 3737 1823 3791 facta
1861 3738 1980 3791 eius
2017 3738 2206 3793 horret
2242 3740 2546 3809 pudetque.

624 3847 1006 3856 .—-———-.-—-—-
1023 3850 1053 3855 -.

774 3920 800 3966 1
840 3913 1303 3987 remedi<or>um
1345 3916 1641 3978 Graevlms,
1691 3915 1921 3968 remedii
1961 3917 2293 3985 Stephanus,
2337 3917 2550 3972 Romae
2589 3917 2804 3971 domini
2842 3919 2932 3973 uel

627 3994 865 4048 dominii
896 3996 1046 4064 uuly.
1088 3995 1318 4064 (Romae
1349 4013 1447 4050 om.
1480 3998 1559 4050 ed.
1584 3997 1741 4051 Rom.
1772 3999 1868 4065 ΙΙ)
1993 4001 2023 4049 2
2063 3997 2199 4068 bile]
2229 4001 2294 4051 ut
2322 3998 2453 4052 bibe
2485 3997 2545 4064 V,
2583 3999 2648 4052 ut
2674 3997 2788 4052 bile
2818 3999 2927 4063 ΛΒΤ,

624 4091 723 4127 um
773 4074 887 4128 bile
928 4075 1007 4129 L¹
1045 4077 1159 4144 (um
1206 4076 1305 4130 del.
1348 4093 1414 4129 m.
1448 4080 1532 4144 2),
1586 4076 1769 4129 *nubile
1810 4079 1865 4130 P
2041 4083 2072 4130 ὅ
2122 4078 2288 4146 attigi
2324 4079 2397 4132 M
2575 4083 2604 4131 ⁷
2653 4079 2702 4132 is
2749 4097 2851 4134 om.
2885 4079 2940 4133 V

626 4159 661 4208 8
698 4155 965 4223 repsisset
992 4155 1112 4210 XN
1222 4162 1252 4208 9
1283 4155 1557 4209 locustam
1574 4157 1786 4211 YLPT
1893 4161 1958 4210 10
1986 4157 2206 4210 locusta-
2227 4159 2498 4213 YVLPT
2597 4157 2932 4228 impetrauit

628 4237 703 4289 M
713 4235 763 4289 V
760 4235 884 4290 L¹S
991 4242 1051 4289 11
1085 4235 1354 4289 uiridario
1385 4236 1616 4306 GQTN,
1647 4236 1927 4290 uiridiano
1963 4235 2014 4290 V
2121 4243 2183 4289 12
2214 4237 2380 4306 punit
2397 4239 2504 4304 LS,
2534 4238 2670 4292 -iuit
2693 4240 2864 4293 PTN

624 4331 737 4386 que
765 4315 816 4368 G
1001 4321 1065 4367 13
1102 4316 1511 4384 praetoriarum
1556 4318 1786 4385 Lipsius
1984 4323 2046 4370 18
2089 4317 2442 4388 seuissimum
2493 4324 2544 4372 et
2591 4320 2840 4376 maximo
2879 4320 2932 4374 G

624 4401 695 4448 19
735 4395 1025 4466 Seianum]
1055 4395 1245 4449 seiano
1269 4395 1430 4460 LPS,
1462 4396 1640 4450 seiani
1665 4397 1720 4451 R
1829 4402 1896 4449 20
1927 4397 1984 4450 et
2005 4397 2084 4450 sic
2105 4398 2266 4463 Lffl',
2293 4397 2398 4452 etsi
2430 4398 2574 4472 (in)
2605 4401 2670 4453 P.
2697 4401 2934 4455 Thomas

628 4480 695 4528 23
734 4475 836 4528 filii
876 4476 959 4528 sui
1000 4475 1099 4529 del.
1140 4477 1289 4531 Torr.
1460 4477 1583 4545 ipsa
1616 4480 1690 4532 M
1862 4481 2120 4547 suscepto
2161 4481 2420 4546 suspecto
2451 4481 2546 4544 M,
2594 4484 2854 4548 suscepto
2887 4479 2940 4534 V

627 4559 800 4625 (susp.
831 4555 945 4608 iam
985 4556 1080 4608 alt.
1114 4575 1211 4611 om.
1254 4558 1323 4626 T)
1471 4563 1534 4610 27
1576 4557 1890 4628 hominum]
1931 4558 2157 4611 omnino
2197 4559 2480 4624 Heinsius,
2515 4559 2787 4613 Graemssus
