3259 5209
986 370 1206 426 Drvvs
1245 370 1743 425 VESPASIANVS
1781 383 1913 432 [cu.
1945 383 2066 431 2—-41
2535 371 2668 436 309

362 539 645 600 maniam
696 536 932 600 missus
970 539 1096 620 est3
1142 535 1293 600 inde
1329 535 1401 599 in
1436 533 1844 599 Britanniam
1880 534 2229 600 translatus
2266 534 2483 599 tricies
2523 556 2667 600 cum

362 644 547 708 hoste
582 642 892 708 conflixit.
950 641 1107 706 duas
1133 641 1568 706 ualidissimas
1594 646 1816 727 gentes
1837 661 2154 726 superque
2174 640 2410 726 uiginti
2433 642 2671 726 oppida

363 754 427 813 et
472 748 753 814 insulam
798 748 1067 812 Vectem
1114 747 1490 813 Britanniae
1536 749 1896 832 proximam
1943 748 2012 811 in
2059 747 2375 812 dicionem
2423 747 2670 834 redegit

362 857 601 939 partim
626 855 783 919 Auli
800 853 1019 918 Plauti
1036 854 1233 941 legati
1257 853 1614 919 consularis
1633 855 1870 938 partim
1895 851 2202 938 Claudi[i]
2224 856 2427 937 ipsius
2456 853 2669 918 ductu.

308 989 335 1028 ε
364 983 561 1045 quare
608 959 1030 1045 triumphalia
1078 965 1453 1025 ornamenta
1498 964 1561 1024 et
1608 962 1678 1024 in
1719 959 1906 1025 breui
1950 960 2158 1043 spatio
2197 961 2433 1045 duplex
2470 982 2670 1025 sacer·
2706 979 2738 1026 2

366 1068 616 1132 dotium
666 1068 941 1152 accepit,
998 1072 1325 1151 praeterea
1370 1066 1801 1150 consulatum,
1857 1089 2046 1152 quem
2093 1065 2295 1154 gessit
2347 1090 2460 1151 per
2506 1066 2668 1131 duos

364 1175 757 1239 nouissimos
813 1174 967 1236 anni
1011 1194 1277 1238 menses.
1378 1173 1661 1238 medium
1707 1179 1964 1257 tempus
2018 1173 2096 1237 ad
2143 1173 2668 1258 proconsulatum

366 1303 568 1364 usque
614 1283 683 1345 in
731 1280 865 1344 otio
925 1300 1303 1364 secessuque
1351 1281 1500 1366 egit,
1560 1279 1988 1364 Agrippinam
2050 1281 2282 1344 timens
2341 1285 2668 1364 potentem

365 1387 576 1452 adhuc
624 1387 796 1472 apud
833 1385 1041 1450 filium
1079 1392 1144 1451 et
1183 1385 1473 1450 defuncti
1514 1409 1770 1471 quoque
1805 1385 2092 1452 Narcissi
2129 1387 2318 1451 amici
2357 1408 2668 1470 perosam.

280 1520 338 1560 10
546 1493 741 1557 Exim
800 1495 1070 1557 sortitus
1126 1492 1411 1557 Africam
1472 1491 1884 1579 integerrime
1937 1514 2056 1558 nec
2109 1493 2246 1556 sine
2299 1514 2534 1578 magna
2579 1493 2668 1558 di·
2705 1513 2737 1560 3

366 1601 672 1684 gnatione
717 1599 1211 1682 administrauit,
1248 1599 1373 1663 nisi
1412 1599 1586 1683 quod
1625 1598 2008 1664 Hadrumeti
2045 1600 2356 1664 seditione
2394 1599 2667 1682 quadam

362 1728 523 1788 rapa
582 1707 649 1770 in
710 1729 861 1771 eum
920 1707 1085 1770 iacta
1148 1711 1315 1771 sunt.
1406 1705 1596 1770 rediit
1657 1711 1828 1770 certe
1885 1705 2092 1771 nihilo
2155 1706 2538 1790 opulentior,
2598 1711 2672 1770 ut

366 1813 479 1894 qui
525 1834 725 1896 prope
771 1812 1159 1877 labefactata
1205 1813 1334 1877 iam
1382 1811 1505 1875 fide
1552 1812 1771 1878 omnia
1814 1813 2076 1896 praedia
2119 1811 2305 1876 fratri
2352 1812 2673 1898 obligaret

361 1919 847 2002 necessarioque
894 1919 974 1982 ad
1040 1921 1458 2003 mangonicos
1514 1923 1815 2002 quaestus
1875 1919 2281 1983 sustinendae
2337 1918 2670 2003 dignitatis

282 2052 337 2091 15
366 2045 559 2088 causa
595 2025 1023 2110 descenderit3
1071 2030 1339 2109 propter
1365 2026 1537 2108 quod
1566 2025 1766 2112 uulgo
1806 2025 2040 2091 mulio
2079 2025 2449 2090 uocabatur.
2523 2045 2670 2089 con-

364 2130 579 2194 uictus
630 2153 885 2215 quoque
931 2132 1167 2198 dicitur
1219 2132 1491 2197 ducenta
1536 2132 1828 2196 sestertia
1865 2132 2247 2216 expressisse
2285 2131 2520 2216 iuueni,
2567 2131 2670 2196 cui

364 2236 567 2300 latum
626 2238 884 2301 clauum
940 2215 1247 2302 aduersus
1304 2239 1507 2322 patris
1562 2239 1964 2303 uoluntatem
2019 2239 2414 2323 impetrarat,
2469 2259 2670 2321 eoque

366 2343 626 2408 nomine
674 2344 963 2430 grauiter
1007 2347 1373 2428 increpitus

545 2449 1075 2535 Peregrinatione
1123 2451 1407 2515 Achaica
1463 2451 1633 2515 inter
1691 2451 1956 2515 comites
2001 2451 2280 2516 Neronis
2338 2473 2480 2515 cum
2530 2472 2672 2515 can-
2708 2472 2742 2519 4

286 2585 341 2624 κο
369 2559 549 2622 tante
606 2578 681 2622 eo
738 2562 852 2621 aut
908 2557 1261 2622 discederet
1318 2558 1575 2641 saepius
1631 2561 1744 2622 aut
1800 2579 2102 2640 praesens
2157 2557 2673 2640 obdormisceret,

368 2664 821 2748 grauissimam
873 2665 1195 2728 contraxit
1246 2664 1575 2749 offensam,
1621 2663 2115 2748 prohibitusque
2158 2686 2292 2728 non
2337 2663 2672 2728 contuber-

364 2771 474 2833 nio
536 2771 725 2835 modo
782 2771 892 2835 sed
948 2771 1143 2834 etiam
1207 2770 1469 2854 publica
1522 2769 1909 2836 salutatione
1964 2772 2226 2834 secessit
2280 2772 2350 2834 in
2402 2792 2670 2854 paruam

366 2897 439 2940 ac
494 2876 749 2940 deuiam
806 2877 1152 2960 ciuitatem,
1220 2878 1434 2960 quoad
1488 2878 1715 2942 latenti
1772 2879 2093 2960 etiamque
2141 2882 2426 2940 extrema
2469 2881 2670 2940 metu·

366 2984 496 3046 enti
548 2985 885 3067 prouincia
934 3006 1076 3047 cum
1132 2982 1419 3047 exercitu
1465 2984 1681 3048 oblata
1728 2989 1839 3048 est.

278 3116 339 3156 ,τε
548 3089 1037 3155 Percrebruerat
1090 3088 1353 3154 Oriente
1400 3094 1541 3153 toto
1593 3095 1780 3154 uetus
1827 3094 1891 3153 et
1938 3094 2237 3154 constans
2279 3089 2498 3175 opinio
2539 3111 2674 3152 esse
2710 3111 2742 3157 5

366 3197 435 3259 in
492 3195 643 3259 fatis
690 3201 763 3260 ut
810 3218 884 3260 eo
932 3201 1219 3280 tempore
1273 3194 1508 3260 Iudaea
1552 3197 1826 3280 profecti
1875 3218 2089 3262 rerum
2137 3197 2514 3280 potirentur.
2607 3195 2674 3258 id

512 3394 711 3456 253qq.
756 3389 906 3443 Oros.
940 3390 1059 3442 VII
1084 3393 1192 3454 9‚2
1236 3388 1430 3443 Iudaei
1461 3431 1471 3443 .
1506 3433 1517 3443 .
1552 3431 1564 3442 .
1603 3389 1944 3456 quibusdam
1981 3388 2040 3441 in
2079 3388 2331 3443 Carmelo
2368 3391 2558 3443 monte
2596 3391 2672 3456 (u.

358 3486 419 3537 p.
450 3473 575 3534 311,
593 3471 689 3538 22)
730 3469 948 3523 seducti
988 3469 1247 3536 sortibus,
1306 3485 1453 3537 quae
1490 3469 1891 3538 portenderent
1929 3472 2148 3522 exortos
2187 3484 2222 3522 a
2257 3469 2468 3522 Iudaea
2503 3469 2674 3522 duces

366 3564 552 3600 rerum
598 3549 877 3617 potituros
924 3548 1042 3602 fore
1056 3593 1068 3615 ‚
1127 3549 1595 3617 praedictumque
1642 3549 1715 3602 ad
1763 3567 1820 3602 se
1868 3548 2155 3603 trahentes
2203 3549 2263 3602 in
2308 3549 2675 3602 rebellionem

368 3631 695 3682 exarserunt
734 3629 1107 3698 extinctisque
1135 3629 1405 3682 Romanis
1446 3629 1747 3697 praesidiis
1782 3629 2038 3700 legatum
2070 3646 2292 3697 quoque
2323 3629 2516 3698 Syriae
2545 3646 2673 3697 sup—

370 3707 557 3775 petias
592 3708 868 3762 ferentem
902 3715 1068 3778 rapta
1106 3709 1300 3776 aquila
1340 3709 1628 3777 caesisque
1668 3710 1846 3778 copiis
1889 3709 2244 3780 fugauerunt.

516 3877 543 3922 1
594 3868 656 3920 in
694 3885 797 3924 om.
831 3871 905 3922 M
1020 3868 1208 3922 tricies
1248 3873 1305 3923 et
1344 3868 1431 3921 bis
1472 3871 1710 3937 Eut-top.
1857 3875 1888 3921 2
1935 3888 2024 3922 xx.
2068 3870 2224 3924 GYL
2369 3876 2400 3923 3
2441 3869 2676 3924 Vectam

372 3949 611 4016 Eutrop.
652 3947 886 4018 (Βέκτην
933 3949 1165 4018 Paean.)
1326 3949 1674 4002 deditionem
1727 3949 1842 4004 GH
2018 3956 2052 4003 4
2107 3948 2294 4018 plauti
2347 3948 2532 4018 palati
2588 3951 2676 4015 M,

370 4026 614 4095 palatini
662 4029 839 4096 (·tani
882 4031 946 4100 Q)
991 4031 1039 4081 Τ
1238 4035 1269 4082 9
1332 4027 1539 4082 amicos
1580 4046 1838 4098 perosam
1879 4046 1911 4087 ς
1959 4030 2099 4099 (edd.
2125 4047 2214 4098 pr.
2247 4030 2444 4097 Rom),
2483 4027 2675 4082 amici-

372 4107 511 4160 tiam
560 4107 933 4176 periculosam
974 4109 1167 4162 Madd.
1357 4114 1423 4161 10
1482 4108 1649 4162 Exim
1688 4111 1784 4174 M,
1833 4108 1978 4162 Exin
2013 4110 2135 4176 rel„
2181 4111 2249 4176 cf.
2294 4109 2476 4163 Galba
2514 4114 2549 4163 6

374 4195 437 4241 11
496 4187 771 4256 quiddam
806 4188 1134 4257 rapinarum
1171 4188 1232 4240 in
1274 4206 1401 4242 eum
1437 4189 1724 4242 iactarunt
1765 4190 1814 4242 G
1973 4193 2037 4242 13
2094 4189 2381 4243 labefacta
2418 4193 2476 4241 X
2505 4190 2676 4256 (-tata

372 4267 471 4336 L2)
668 4267 833 4322 fratri
886 4268 1122 4337 praedia
1181 4269 1231 4322 G
1434 4267 1778 4338 obligauerit
1829 4272 1899 4338 (et
1951 4286 2020 4324 88.
2067 4267 2100 4321 i
2144 4271 2249 4337 ret)
2298 4287 2349 4334 ε,
2408 4268 2677 4337 obligarit

371 4349 656 4418 Eynatius
818 4355 884 4402 16
942 4349 1033 4401 cui
1072 4349 1372 4403 Sabellicus
1409 4347 1540 4417 (ςὲ),
1580 4348 1680 4416 qui
1715 4351 1768 4402 ,Ω
1931 4355 1996 4402 22
2058 4347 2444 4402 satisfactione
2486 4352 2533 4401 Τ

372 4433 439 4480 23
478 4427 787 4499 etiamque]
825 4430 882 4482 et
919 4427 1036 4482 iam
1074 4430 1307 4498 Bentley
1331 4430 1419 4496 (cf.
1455 4429 1571 4483 Gal.
1590 4433 1650 4498 2)
1789 4435 1856 4481 25
1899 4428 2299 4498 perorabuerat
2329 4430 2415 4494 M,
2453 4427 2678 4484 -buerat

371 4509 537 4562 etiam
574 4509 668 4563 rel.
699 4515 921 4577 praete-r
949 4508 1166 4578 L²H²Q
1313 4525 1431 4561 esse
1471 4509 1531 4560 in
1567 4508 1700 4562 fatis
1739 4527 1839 4563 om.
1875 4510 1926 4564 G
