3259 5209
998 482 1213 538 DIVVS
1250 480 1630 538 AVGVSTVS
1670 492 1802 543 [cn.
1831 494 2005 543 29-311
2533 480 2619 545 69

510 645 805 731 Spatium
859 647 1040 712 urbis
1096 646 1165 711 in
1217 646 1513 733 regiones
1568 646 1876 731 uicosque
1923 644 2146 709 diuisit
2189 644 2619 729 instituitque,
2637 644 2732 713 30

324 758 403 817 ut
449 752 593 817 illas
648 752 843 817 annui
896 753 1313 839 magistratus
1368 752 1601 817 sortito
1655 757 2016 834 tuerentur,
2070 750 2190 815 hos
2243 750 2540 836 magistri
2586 770 2620 813 e

324 850 517 944 plebe
590 858 933 944 cuiusque·
968 854 1242 924 uiciniae
1311 858 1481 924 lecti.
1582 854 1889 923 aduersus
1961 856 2257 923 incendia
2319 856 2620 921 excubias

320 970 677 1031 nocturnas
722 966 1078 1053 uigilesque
1125 968 1524 1031 commentus
1561 968 1686 1050 est3
1731 964 1812 1029 ad
1849 963 2230 1031 coercendas
2261 962 2622 1028 inundatio-

264 1098 291 1138 5
322 1094 441 1137 nes
507 1072 761 1137 alueum
824 1072 1077 1138 Tiberis
1133 1073 1380 1137 laxauit
1436 1068 1537 1137 ac'
1578 1072 1955 1157 repurgauit
2013 1071 2404 1155 completum
2465 1070 2620 1135 olim

326 1179 667 1244 ruderibus
705 1182 769 1243 et
806 1178 1242 1245 aedificiorum
1277 1178 1752 1265 prolationibus
1789 1176 2168 1243 coartatum.
2241 1198 2370 1261 quo
2407 1182 2622 1241 autem

325 1285 581 1351 facilius
638 1286 921 1370 undique
980 1286 1137 1351 urbs
1196 1286 1503 1371 adiretur,
1564 1287 1920 1371 desumpta.
1959 1284 2084 1349 sibi
2143 1282 2461 1348 Flaminia
2513 1285 2622 1348 uia

324 1391 625 1487 Arimino
670 1397 859 1457 tenus
905 1392 1248 1457 munienda
1292 1393 1573 1477 reliquas
1615 1390 2118 1477 triumphalibus
2163 1392 2322 1455 uiris
2368 1411 2444 1454 ex
2491 1412 2620 1453 ma—
2675 1434 2683 1444 -

318 1499 575 1563 nubiali
621 1500 889 1585 pecunia
934 1500 1305 1565 sternendas
1353 1499 1701 1565 distribuit.

244 1632 297 1670 ιο
508 1605 717 1671 Aedes
760 1627 971 1671 sacras
1014 1610 1338 1671 uetustate
1384 1608 1718 1691 conlapsas
1763 1611 1877 1672 aut
1913 1604 2208 1671 incendio
2245 1603 2618 1686 absumptas
2656 1622 2688 1669 2

324 1712 551 1777 refecit
604 1732 836 1795 easque
892 1716 957 1776 et
1012 1716 1255 1777 ceteras
1316 1713 1822 1797 opulentissimis
1877 1712 2062 1777 donis
2117 1708 2481 1792 adornauit,
2542 1710 2618 1771 ut

327 1818 440 1902 qui
484 1818 555 1883 in
598 1818 825 1882 cellam
864 1817 1213 1905 Capitolini
1259 1816 1434 1884 Iouis
1483 1819 1758 1885 sedecim
1801 1819 1980 1883 milia
2013 1818 2228 1903 pondo
2267 1816 2408 1881 auri
2445 1837 2617 1901 gem-

322 1946 587 2008 masque
642 1946 715 1989 ac
769 1926 1153 2011 margaritas
1207 1926 1613 2013 quingenties
1659 1928 2026 1991 sestertium
2082 1947 2210 1989 una
2273 1922 2618 1988 donatione

326 2031 687 2097 contulerit.
794 2038 1138 2118 postquam
1211 2054 1365 2098 uero
1437 2035 1890 2119 pontificatum
1961 2034 2316 2097 maximum
2335 2082 2352 2116 ,
2424 2049 2615 2113 quem
2633 2028 2718 2097 31

241 2162 295 2203 ιε
326 2157 679 2221 numquam
737 2140 892 2204 uiuo
957 2139 1199 2223 Lepido
1260 2140 1509 2207 auferre
1565 2142 1987 2224 sustinuerat,
2045 2143 2303 2205 mortuo
2359 2136 2614 2200 demum

324 2244 622 2328 suscepit,
668 2246 979 2330 quidquid
1024 2247 1435 2311 fatidicorum
1488 2248 1804 2312 librorum
1854 2246 2080 2311 Graeci
2125 2245 2466 2328 Latinique
2512 2263 2618 2328 ge-

320 2352 495 2415 neris
556 2352 755 2416 nullis
812 2352 919 2417 uel
978 2376 1206 2437 parum
1264 2353 1511 2419 idoneis
1580 2354 1952 2420 auctoribus
2014 2354 2212 2439 uulgo
2271 2350 2615 2433 ferebatur,

322 2479 517 2541 supra
562 2459 689 2523 duo
735 2459 915 2523 milia
960 2463 1286 2525 contracta
1332 2461 1615 2545 undique
1662 2460 1972 2525 cremauit
2016 2480 2090 2525 ac
2129 2460 2302 2523 solos
2346 2456 2618 2521 retinuit
2703 2452 2712 2497 ἶ

323 2562 705 2648 Sibyllinos,
766 2564 886 2630 hos
950 2588 1207 2651 quoque
1271 2566 1509 2632 dilectu
1574 2567 1826 2650 habit03
1889 2566 2302 2650 condiditque
2363 2564 2614 2628 duobus

234 2712 291 2751 20
319 2670 551 2735 forulis
608 2672 850 2737 auratis
910 2672 1033 2737 sub
1090 2674 1369 2739 Palatini
1412 2673 1748 2759 Apollinis
1807 2675 1963 2739 basi.
2055 2692 2291 2737 annum
2353 2694 2390 2735 a
2449 2670 2614 2734 Diuo
2652 2687 2682 2735 2

320 2775 491 2843 Iulio
546 2778 941 2862 ordinatum,
998 2779 1108 2844 sed
1162 2786 1388 2865 postea
1440 2782 1850 2868 neglegentia
1904 2780 2358 2846 conturbatum
2421 2781 2614 2859 atque

323 2884 692 2969 confusum,
756 2908 977 2950 rursus
1040 2887 1122 2951 ad
1184 2888 1523 2972 pristinam
1587 2889 1904 2953 rationem
1959 2888 2233 2973 redegit3
2299 2886 2368 2949 in
2429 2884 2612 2948 cuius

323 2991 727 3056 ordinatione
792 2991 1097 3058 Sextilem
1166 3016 1451 3059 mensem
1508 3017 1541 3059 e
1598 3017 1714 3059 suo
1776 2994 2156 3081 cognomine
2215 2990 2614 3075 nuncupauit

320 3099 529 3184 magis
585 3120 777 3182 quam
832 3098 1273 3184 Septembrem
1330 3123 1457 3185 quo
1516 3106 1654 3165 erat
1705 3107 1922 3186 natue,
1979 3101 2152 3185 quod
2209 3099 2332 3165 hoc
2377 3096 2502 3162 sibi
2548 3102 2614 3161 et

234 3246 291 3285 25
319 3204 569 3289 primus
634 3206 1001 3270 consulatus
1062 3211 1127 3271 et
1193 3208 1479 3293 insignes
1538 3208 1874 3273 uictoriae.
1915 3208 2316 3293 optigissent.
2411 3224 2613 3268 sacer·
2652 3222 2683 3268 3

323 3309 549 3375 dotum
585 3316 652 3375 et
684 3334 1022 3377 numerum
1061 3318 1125 3377 et
1161 3314 1541 3400 dignitatem
1581 3315 1693 3379 sed
1731 3320 1795 3379 et
1833 3314 2166 3379 commoda
2203 3313 2401 3396 auxit,
2435 3332 2612 3401 prae-

323 3418 507 3503 cipue
534 3416 893 3485 Vestalium
933 3419 1279 3505 uirginum.
1347 3443 1619 3506 cumque
1659 3423 1728 3485 in'
1764 3404 2134 3487 demortuae
2169 3422 2383 3484 locum
2422 3418 2612 3483 aliam

320 3526 463 3608 capi
512 3528 839 3610 oporteret
893 3526 1335 3610 ambirentque
1384 3528 1573 3592 multi
1617 3551 1700 3593 ne
1757 3528 1925 3591 filias
1971 3528 2039 3592 in
2084 3532 2324 3593 sortem
2371 3524 2611 3606 darent,

319 3630 666 3716 adiurauit,
718 3633 779 3697 si
848 3633 1227 3717 cuiusquam
1285 3634 1577 3718 neptium
1649 3657 1906 3699 suarum
1969 3637 2360 3719 competeret
2419 3636 2611 3714 aetaS,

234 3780 293 3819 30
322 3737 703 3803 o'blaturum'
750 3747 817 3803 se
872 3738 1071 3803 fuisse
1117 3761 1276 3806 eam.
1357 3742 1670 3806 nonnulla
1725 3742 1916 3805 etiam
1965 3764 2040 3806 ex
2089 3740 2371 3824 antiquis
2417 3740 2610 3803 caeri-
2648 3755 2682 3802 4

451 3936 533 3985 ,10
572 3932 849 3987 Einhard.
880 3938 951 3986 17
988 3933 1157 3987 aedes
1197 3949 1384 3987 sacras
1414 3974 1427 3987 .
1453 3977 1462 3987 .
1487 3976 1498 3987 .
1530 3937 1814 3989 uetustate
1854 3934 2165 4003 conlapsas,

464 4114 495 4163 3
531 4108 778 4165 uiciniae
814 4110 948 4165 lecti
979 4108 1053 4163 X‘
1086 4110 1291 4182 (uicine
1321 4110 1453 4165 lecti
1483 4114 1577 4178 1³¹,
1614 4114 1790 4165 uicini
1820 4112 1986 4166 electi
2023 4114 2109 4179 T),
2150 4111 2360 4165 uicinia
2398 4114 2517 4178 (-na
2543 4112 2608 4178 Q)

318 4189 487 4245 electi
528 4192 601 4245 M
614 4193 674 4257 Τ,
712 4190 921 4262 uicinie
959 4191 1126 4245 electi
1160 4194 1228 4258 G,
1266 4194 1379 4245 uici
1418 4189 1682 4262 quaterni
1719 4192 1883 4247 electi
1917 4193 2109 4247 Modd.
2258 4196 2288 4244 5
2329 4206 2608 4258 repugna-

314 4270 404 4324 uit
434 4272 555 4336 VH,
589 4272 860 4340 purgauit
898 4271 980 4327 Βι
1116 4278 1147 4324 6
1176 4271 1629 4341 prolapsionibus
1660 4274 1918 4339 TP'OT,
1955 4272 2174 4341 prolax-
2191 4272 2258 4325 S*
2397 4276 2456 4324 11
2491 4285 2608 4321 eas-

315 4366 428 4419 que
464 4367 566 4405 om.
591 4352 643 4405 G
786 4353 875 4422 ut]
904 4354 1103 4420 utpote
1141 4354 1188 4404 Τ
1330 4360 1394 4407 13
1435 4349 1681 4408 sestertii
1718 4356 1765 4407 I.
1791 4353 1859 4406 F.
1881 4353 2116 4407 Gronov.
2156 4354 2244 4419 (cf.
2285 4350 2359 4403 acl
2396 4350 2504 4403 Iul.
2538 4353 2611 4402 ὅθ

308 4449 369 4501 p.
397 4436 491 4497 26,
518 4434 612 4499 24)
778 4436 843 4485 19
884 4430 1103 4486 delectu
1137 4432 1259 4486 HR
1403 4434 1660 4487 condidit
1692 4435 1741 4487 V
1893 4439 1960 4485 20
1999 4448 2209 4497 annum
2247 4431 2379 4484 diuo
2411 4432 2485 4483 M
2495 4430 2608 4493 θδ,

315 4519 463 4594 sung
502 4540 613 4592 duo
652 4539 751 4607 (sic
776 4556 845 4592 m.
866 4540 921 4609 1)
945 4538 1007 4605 V,
1045 4554 1232 4592 annua
1262 4538 1393 4593 diuo
1428 4542 1489 4610 Q,
1531 4557 1677 4594 anno
1710 4556 1744 4591 a
1774 4540 1905 4593 diuo
1927 4538 2004 4594 ,Ρι
2151 4544 2216 4591 23
2257 4536 2607 4591 ordinatione

318 4620 451 4687 GT,
488 4635 645 4673 -nem
670 4620 764 4673 rel.
794 4620 888 4689 (Ω.)
1034 4624 1100 4671 28
1138 4636 1207 4672 ne
1247 4636 1347 4674 om.
1391 4620 1441 4673 G
1588 4620 1749 4673 daret
1793 4622 1884 4679 Τς
