3259 5209
11 4821 27 4861 τις

1193 391 1392 446 NERO
1432 404 1563 453 [car.
1595 405 1770 454 12-——161
2500 393 2631 458 239

329 559 591 638 perator
637 554 1100 639 consalutatus,
1147 553 1364 619 laurea
1410 557 1476 618 in
1525 554 1917 640 Capitolium
1966 555 2115 638 lata,
2162 553 2386 620 Ianum
2434 558 2634 642 gemi-

331 685 488 725 num
536 662 785 744 clausit,
832 666 1160 744 tamquam
1207 663 1388 726 nullo
1436 663 1693 727 residuo
1740 662 1930 727 bellu.

513 765 901 832 Consulatus
950 772 1256 851 quattuor
1302 771 1530 855 gessit:
1585 771 1867 853 primum
1918 769 2362 853 bimenstrem,
2415 791 2630 833 8001111-
2649 766 2741 834 14-

333 875 486 939 (111111
535 880 599 939 01
641 875 1068 939 nouissimum
1117 879 1516 959 semenstres,
1563 877 1825 940 tertium
1866 875 2459 960 quadrimenstrem3
2506 897 2632 940 me·

273 1006 300 1045 5
333 981 472 1046 dios
537 981 696 1045 duos
757 980 1188 1064 continuauit,
1248 981 1532 1065 reliquos
1580 983 1750 1046 inter
1808 1005 2019 1048 annua
2076 983 2283 1066 spatia
2342 983 2630 1047 uariauit.

333 1089 400 1152 in
447 1089 608 1152 iuris
655 1087 935 1151 dictione
982 1087 1490 1170 postulatoribus
1537 1090 1662 1152 nisi
1712 1090 2005 1172 sequenti
2053 1089 2155 1152 die
2192 1109 2265 1154 ac
2301 1111 2417 1172 per
2451 1087 2740 1154 libel-15

330 1196 430 1258 los
491 1215 623 1257 non
681 1199 919 1258 temere
975 1194 1322 1277 respondit.
1413 1195 1843 1280 cognoscendi
1900 1217 2147 1260 morem
2204 1217 2351 1259 eum
2406 1197 2633 1279 tenuit,

331 1309 404 1364 ut
451 1301 774 1364 continuis
820 1299 1182 1366 actionibus
1230 1302 1486 1366 omissis
1532 1302 1915 1387 singillatim
1957 1323 2246 1386 quaeque
2292 1323 2409 1385 per
2454 1303 2627 1366 uices

332 1411 568 1491 ageret.
651 1407 952 1490 quotiens
996 1411 1211 1470 autem
1259 1408 1339 1470 ad
1385 1409 1877 1472 consultandum
1928 1408 2263 1492 secederet,
2308 1430 2514 1492 neque
2560 1409 2657 1472 in·

245 1541 302 1578 10
333 1535 672 1577 commune
721 1514 1062 1596 quicquam
1108 1536 1315 1597 neque
1360 1515 1698 1599 propalam
1747 1514 2167 1600 deliberabat,
2214 1516 2322 1580 sed
2372 1520 2435 1579 et
2484 1536 2631 1581 con—

331 1621 606 1704 scriptas
660 1619 740 1684 ab
797 1641 926 1684 uno
984 1642 1240 1704 quoque
1288 1622 1637 1685 sententias
1696 1623 1929 1686 tacitns
1980 1643 2056 1686 ac
2102 1627 2345 1686 secreto
2393 1623 2635 1707 legens,

333 1726 506 1809 quod
571 1727 696 1809 ipsi
754 1726 1051 1790 libuisset
1114 1727 1378 1811 perinde
1443 1732 1637 1811 atque
1701 1727 1997 1812 pluribus
2075 1728 2239 1792 idem
2307 1729 2635 1792 uideretur

329 1832 810 1916 pronuntiabat.

509 1937 588 2002 In
635 1938 878 2002 curiam
937 1939 1385 2004 libertinorum
1433 1941 1602 2005 filios
1652 1940 1763 2005 diu
1808 1963 1940 2005 non
1987 1941 2276 2025 admisit3
2334 1941 2632 2004 admissis
2670 1959 2705 2004 2

248 2071 304 2110 15
333 2068 370 2109 a
425 2045 750 2129 prioribus
799 2045 1200 2129 principibus
1265 2045 1540 2111 honores
1608 2047 1965 2133 denegauit.
2063 2047 2436 2111 candidatos
2446 2099 2463 2130 ,
2520 2048 2631 2130 qui

334 2173 526 2235 supra
570 2173 910 2216 numerum
959 2157 1190 2236 essent,
1237 2153 1306 2216 in
1352 2154 1661 2218 solacium
1701 2154 2030 2218 dilationis
2071 2176 2144 2217 ac
2180 2176 2398 2218 morae
2436 2154 2632 2238 legio-

331 2258 522 2322 nibus
583 2259 975 2342 praeposuit.
1077 2261 1482 2324 consulatum
1549 2263 1618 2324 in
1686 2282 1873 2324 senos
1937 2261 2317 2345 plerumque
2380 2281 2633 2324 menses

333 2365 524 2429 dedit.
610 2365 1044 2448 defunctoque
1090 2367 1256 2430 circa
1302 2365 1446 2431 Kal.
1494 2365 1625 2430 Ian.
1675 2369 1877 2431 altero
1926 2391 1961 2431 e
2008 2368 2382 2432 consulibus
2436 2369 2633 2432 nemi-

329 2495 476 2535 nem
529 2471 867 2536 substituit
913 2471 1286 2555 improbans
1335 2474 1702 2556 exemplum
1754 2477 1938 2536 uetus
1978 2471 2206 2537 Canini
2242 2473 2456 2538 Rebili
2502 2495 2631 2538 uno

246 2602 305 2641 το
334 2578 436 2641 die
483 2577 784 2641 consulis.
868 2578 1288 2661 triumphalia
1337 2584 1711 2643 ornamenta
1750 2581 1943 2644 etiam
1983 2581 2382 2662 quaestoriae
2427 2579 2632 2665 digni-

331 2685 485 2748 tatis
549 2687 614 2747 et
669 2684 1002 2749 nonnullis
1061 2707 1140 2748 ex
1200 2687 1482 2768 equestri
1545 2687 1765 2750 ordine
1827 2686 2056 2750 tribuit
2110 2708 2229 2750 nec
2284 2687 2507 2769 utique
2556 2687 2632 2749 de

333 2813 524 2856 causa
579 2790 864 2856 militari.
967 2792 1043 2854 de
1099 2791 1484 2875 quibusdam
1548 2793 1743 2856 rebus
1810 2793 2135 2857 orationes
2199 2792 2281 2856 ad
2342 2795 2631 2856 senatum

331 2899 560 2962 missas
616 2899 969 2980 praeterito
1026 2899 1386 2981 quaestoris
1444 2899 1661 2962 officio
1717 2921 1833 2982 per
1879 2898 2209 2964 consulem
2256 2899 2633 2982 plerumque

330 3004 660 3068 recitabat.
748 3004 1022 3068 formam
1084 3005 1518 3070 aedificiorum
1582 3006 1760 3069 urbis
1822 3027 2057 3070 nouam
2117 3005 2511 3091 excogitauit
2570 3004 2745 3070 0116

247 3134 302 3174 2⁶
333 3115 408 3174 ut
455 3115 602 3174 ante
652 3111 897 3174 insulas
947 3133 1018 3174 ac-
1063 3111 1291 3180 domos
1339 3113 1626 3196 porticus
1667 3116 1896 3196 essent,
1944 3113 2021 3177 de
2060 3134 2332 3195 quarum
2380 3111 2632 3175 solariis

331 3216 622 3281 incendia
669 3222 1066 3302 arcerentur3
1119 3239 1351 3301 easque
1409 3223 1671 3303 sumptu
1730 3241 1847 3283 suo
1904 3220 2199 3283 extruxit.
2286 3218 2633 3282 destinarat

475 3399 544 3446 24
581 3394 650 3457 ef.
694 3393 877 3446 Victor
908 3394 1056 3448 Caes.
1090 3399 1139 3458 5,
1159 3398 1198 3446 2
1236 3394 1497 3463 augenda
1533 3393 1687 3448 urbe.

479 3561 500 3605 1
538 3551 860 3606 consulatus
893 3553 1034 3618 MG,
1073 3552 1420 3608 consultatus
1453 3556 1504 3607 L
1632 3561 1663 3606 2
1702 3557 1993 3621 tamquam
2020 3553 2176 3607 nullo
2210 3553 2464 3607 Faernus
2490 3554 2631 3620 Lip-

329 3636 465 3698 sius,
502 3637 621 3685 tam
649 3631 804 3684 nullo
844 3648 1012 3700 quam
1051 3636 1130 3700 Ω,
1181 3633 1296 3685 iam
1333 3633 1488 3686 nullo
1532 3633 1694 3701 quasi
1737 3634 2001 3698 Gronov.‚
2052 3633 2165 3686 iam
2204 3636 2341 3701 (tum
2372 3649 2478 3700 pro
2516 3637 2633 3684 tam

329 3714 585 3777 Iunc-ker)
636 3711 790 3765 nullo
841 3729 1078 3781 usquam
1127 3715 1357 3782 Bentley
1576 3720 1605 3766 3
1656 3713 1983 3767 bimestrum
2028 3715 2122 3778 M,
2172 3713 2491 3766 bimestrem
2534 3713 2637 3781 QT

331 3801 365 3846 δ
403 3792 696 3846 1010110010
727 3807 914 3844 annuo
953 3793 1139 3861 spatio
1183 3795 1437 3848 Veldhuis
1582 3799 1612 3845 6
1643 3793 2025 3861 postularibus
2058 3795 2177 3860 GP,
2212 3791 2633 3861 postulantibus

331 3873 625 3926 Rei-'nesius
871 3877 898 3923 7
939 3872 998 3924 in
1046 3873 1430 3941 cognoscendo
1476 3872 1542 3926 Y'
1585 3875 1661 3941 (R
1700 3875 1759 3925 in
1805 3891 1995 3943 mary„
2042 3875 2106 3926 in
2150 3879 2301 3926 textu
2346 3873 2501 3925 habet
2540 3887 2632 3923 eo-

328 3951 657 4024 gnoscendi)
769 3957 800 4004 9
841 3955 1034 4020 ageret
1069 3951 1134 4005 Y‘
1175 3955 1364 4008 dubito
1392 3973 1524 4008 num
1557 3960 1693 4008 recte
1722 3957 2006 4022 (ageretur
2038 3954 2217 4022 Oua),
2247 3969 2346 4006 om,
2383 3953 2631 4015 MGLP,

329 4033 626 4102 quaereret
652 4038 754 4085 aut
779 4033 954 4085 simile
982 4034 1207 4087 uerbum
1235 4034 1508 4088 desiderat
1535 4035 1801 4088 Bae‘t‘cheler
1950 4037 2014 4085 10
2054 4032 2155 4085 sed
2194 4033 2273 4101 et]
2313 4033 2411 4084 sed
2440 4051 2471 4090 ς
2502 4032 2631 4097 (Ur-

327 4115 506 4184 sinus)
543 4112 671 4178 fort.
708 4113 910 4166 rectius
1097 4119 1160 4164 14
1201 4113 1461 4166 admissis
1501 4130 1534 4165 a
1569 4115 1688 4179 GT,
1728 4113 1975 4166 admissa
2008 4115 2131 4177 Me,
2171 4111 2443 4164 admissos
2474 4115 2529 4162 X
2554 4117 2634 4178 gat

329 4197 392 4249 in
419 4195 472 4248 L
502 4209 638 4246 corr.
675 4209 741 4245 ex
769 4191 1049 4260 admissis)
1204 4199 1267 4245 21
1302 4193 1586 4248 nonnullis
1627 4197 1685 4247 et
1722 4195 2035 4261 transponit
2072 4192 2303 4260 Lipsius
2341 4190 2631 4259 (dignitati

330 4279 387 4329 et
414 4273 648 4340 Bentley
686 4272 1020 4341 dubitanter)
1204 4279 1270 4326 22
1311 4274 1408 4326 sed
1447 4277 1503 4327 et
1533 4281 1658 4342 post
1700 4273 1935 4327 militari
1974 4274 2100 4326 add.
2141 4276 2188 4324 Τ
2223 4270 2494 4339 (milita-ri,
2534 4271 2632 4321 sed

331 4357 386 4408 et
434 4354 502 4406 de
558 4351 1004 4420 quibuscumque
1043 4352 1224 4406 rebus.
1307 4353 1599 4407 Orationes
1639 4355 1895 4424 Bentley,
1950 4353 2019 4405 de
2076 4351 2411 4418 quibusdam
2464 4349 2633 4402 rebus

328 4436 590 4505 ylossema
626 4438 793 4500 putat
837 4431 901 4486 G.
924 4433 1148 4500 Becker)
1329 4439 1395 4485 24
1437 4437 1494 4486 et
1539 4435 1639 4487 del.
1673 4434 1901 4487 Ernesti
2082 4439 2148 4484 25
2189 4447 2424 4500 0110111111
2464 4429 2570 4498 HQ
2582 4448 2634 4492 ς,

330 4529 562 4580 quorum
601 4511 694 4563 rel.
726 4513 820 4580 (Ω)
967 4511 1172 4565 solaria
1216 4514 1265 4566 G
