3259 5209
1245 481 1446 538 NERO
1487 495 1616 543 [cu.
1650 494 1771 543 1—5]
2532 481 2667 544 233

362 647 732 729 propinqua
779 644 902 710 sibi
949 646 1334 731 cognatione
1381 646 1635 709 iunctos
1682 645 2088 728 contulisset,
2134 649 2282 728 post
2328 645 2669 727 utriusque

362 751 698 816 interitum
747 751 1016 816 classem
1066 752 1220 816 olim
1270 753 1677 817 commissam
1726 753 2011 836 retinuit,
2059 753 2239 816 auxit
2285 751 2499 832 etiam,
2544 772 2664 815 nec

361 859 482 920 nisi
534 859 828 942 partibus
875 859 1116 942 ubique
1159 858 1522 944 profligatis
1559 859 1645 923 M.
1676 858 1964 924 Antonio
2012 863 2243 942 sponte
2280 863 2345 922 et
2380 857 2663 943 ingentis

360 965 576 1029 meriti
625 965 766 1030 loco
813 965 1096 1030 tradidit.
1192 965 1494 1049 solusque
1542 967 1829 1031 omnium
1888 988 1967 1029 ex
2014 967 2120 1047 iis,
2176 966 2287 1048 qui
2334 966 2475 1050 pari
2523 964 2664 1049 lege
2702 981 2739 1027 2

309 1097 336 1134 11
366 1071 654 1136 damnati
684 1077 880 1156 erant,
909 1074 1247 1136 restitutus
1277 1075 1344 1138 in
1371 1074 1649 1157 patriam
1680 1073 2113 1156 amplissimos
2142 1071 2417 1137 honores
2446 1094 2664 1156 percu-

362 1178 598 1261 currit3
645 1201 718 1242 ac
765 1179 1036 1242 subinde
1074 1179 1510 1265 redintegrata
1549 1179 1947 1244 dissensione
1986 1179 2179 1262 ciuili,
2227 1179 2431 1242 eidem
2462 1178 2664 1243 Anto-

361 1287 472 1347 nio
519 1285 792 1370 legatuS,
840 1285 1118 1350 delatam
1165 1285 1290 1350 sibi
1338 1309 1654 1350 summam
1696 1286 1948 1370 imperii
1998 1285 2077 1350 ab
2127 1286 2233 1370 iis,
2282 1305 2444 1368 quos
2486 1283 2665 1348 Cleo—

361 1397 586 1474 patrae
613 1392 913 1477 pudebat,
943 1415 1150 1476 neque
1187 1393 1508 1476 suscipere
1537 1415 1745 1477 neque
1782 1413 2075 1457 recusare
2102 1393 2373 1456 fidenter
2401 1395 2668 1474 propter

361 1497 644 1562 subitam
683 1499 1104 1562 ualitudinem
1145 1521 1357 1582 ausus,
1404 1501 1664 1564 transiit
1702 1500 1778 1562 ad
1821 1499 2187 1584 Augustum
2230 1503 2295 1562 et
2332 1499 2399 1562 in
2438 1497 2664 1562 diebus

281 1631 338 1668 10
367 1606 592 1688 paucis
631 1605 812 1688 obiit,
850 1606 1162 1669 nonnulla
1199 1611 1262 1670 et
1302 1607 1440 1690 ipse
1478 1607 1743 1671 infamia
1780 1627 2091 1690 aspersus.
2151 1628 2301 1670 nam
2341 1605 2664 1669 Antonius

363 1733 511 1774 eum
561 1711 874 1775 desiderio
921 1714 1163 1776 amicae
1211 1711 1524 1777 Seruiliae
1569 1713 1797 1777 Naidis
1844 1714 2269 1798 transfugisse
2314 1712 2595 1775 iactauit.

541 1818 643 1881 Ex
690 1818 812 1883 hoc
859 1817 1186 1884 Domitius
1233 1822 1536 1904 nascitur,
1584 1843 1774 1903 quem
1824 1823 2181 1903 emptorem
2228 1818 2513 1882 familiae
2557 1841 2663 1901 pe·
2694 1815 2741 1880 4

365 1925 716 2008 cuniaeque
771 1925 840 1988 in
897 1929 1285 1991 testamento
1332 1925 1615 2011 Augusti
1672 1926 1873 1990 fuisse
1920 1949 2068 1990 mox
2116 1925 2316 2010 uulgo
2364 1929 2659 1988 notatum

365 2035 488 2113 est,
549 2053 680 2094 non
740 2032 954 2096 minus
1015 2033 1352 2118 aurigandi
1409 2039 1548 2096 arte
1603 2033 1673 2097 in
1733 2033 2164 2096 adulescentia
2212 2032 2423 2096 clarus
2470 2053 2660 2114 quarn

284 2161 336 2201 ιο
365 2136 595 2201 deinde
641 2139 1034 2202 ornamentis
1081 2137 1584 2222 triumphalibus
1627 2163 1705 2202 ex
1746 2138 2129 2204 Germanico
2167 2138 2356 2203 bello.
2440 2159 2664 2201 uerum

364 2265 690 2331 arrogans,
721 2244 1043 2329 profusu3‚
1073 2246 1343 2310 immitis
1372 2267 1701 2310 censorem
1732 2247 1800 2310 L.
1831 2246 2141 2311 Plancum
2182 2248 2290 2310 uia
2328 2245 2450 2309 sibi
2489 2245 2667 2308 dece-

363 2350 514 2414 dere
568 2351 792 2415 aedilis
848 2353 1086 2436 coegit3
1157 2357 1496 2436 praeturae
1554 2353 2053 2437 consulatusque
2112 2353 2357 2417 honore
2418 2351 2667 2435 equites

363 2456 440 2520 R.
491 2463 944 2543 matronasque
1005 2459 1084 2522 ad
1144 2459 1462 2543 agendum
1528 2461 1799 2524 mimum
1860 2461 2168 2543 produxit
2228 2461 2292 2523 in
2356 2479 2665 2522 scaenam·

365 2565 742 2629 uenationes
791 2571 856 2630 et
901 2568 968 2630 in
1025 2567 1194 2630 circo
1243 2571 1306 2630 et
1353 2567 1418 2629 in
1467 2566 1769 2630 omnibus
1816 2566 1993 2630 urbis
2049 2567 2424 2652 regionibus
2473 2565 2670 2644 dedit,

287 2695 338 2733 2⁰
365 2695 600 2736 munus
640 2675 833 2736 etiam
872 2672 1345 2759 gladiatorium,
1385 2673 1492 2736 sed
1531 2678 1713 2736 tanta
1748 2674 2035 2756 saeuitia,
2066 2679 2138 2736 ut
2173 2695 2430 2738 neeesse
2466 2672 2665 2736 fuerit

365 2778 664 2865 Augusto
713 2780 876 2843 clam
933 2779 1174 2844 frustra
1220 2780 1536 2843 monitum
1596 2780 1805 2845 edicto
1862 2802 2165 2844 coercere.
2252 2803 2330 2844 ex
2378 2780 2667 2843 Antonia
2699 2773 2747 2838 5

367 2887 609 2950 maiore
661 2891 910 2969 patrem
958 2885 1238 2950 Neronis
1294 2888 1662 2968 procreauit
1708 2888 1885 2951 omni
1944 2892 2127 2971 parte
2173 2889 2347 2950 uitae
2395 2887 2665 2950 detesta-

365 2993 591 3078 bilem,
665 2993 976 3076 siquidem
1066 3014 1279 3056 comes
1355 2993 1430 3055 ad
1509 2991 1837 3056 Orientem
1921 2991 1985 3056 C.
2035 2991 2321 3056 Caesaris
2398 2994 2665 3075 1111161118,

367 3101 580 3164 066180
627 3097 862 3164 liberto
911 3121 1043 3182 su0,
1091 3099 1262 3182 quod
1310 3104 1535 3182 potare
1573 3103 1885 3183 quantum
1936 3099 2278 3163 iubebatur
2325 3105 2665 3169 recusarat.

289 3227 342 3266 25
372 3206 674 3270 dimissus
722 3228 757 3269 e
803 3205 1070 3271 cohorte
1126 3205 1476 3270 amicorum
1533 3205 1740 3269 nihilo
1797 3205 2151 3270 modestius
2199 3207 2389 3286 uixit3
2447 3205 2555 3270 sed
2604 3211 2670 3269 et

371 3313 440 3376 in
493 3314 636 3376 uiae
691 3313 942 3396 Appiae
1000 3312 1150 3376 uico
1205 3317 1467 3396 repente
1528 3335 1799 3396 puerum
1862 3314 2075 3378 citatis
2137 3314 2438 3376 iumentis
2496 3313 2667 3376 haud

370 3421 632 3504 ignarus
681 3419 954 3483 obtriuit
1001 3422 1064 3483 et
1101 3418 1344 3483 Romae
1391 3409 1602 3482 medio
1650 3420 1793 3483 foro
1842 3419 2093 3483 cuidam
2141 3420 2340 3503 equiti
2390 3419 2464 3483 R.
2511 3419 2668 3483 libe-

369 3529 503 3590 rius
542 3526 826 3611 iurganti
856 3527 1112 3590 oculum
1151 3527 1345 3607 eruit3
1384 3525 1691 3610 perfidiae
1726 3548 1881 3589 uero
1921 3530 2153 3608 tantae,
2192 3532 2265 3589 ut
2302 3548 2432 3590 non
2470 3526 2662 3589 modo
2704 3536 2739 3583 2

371 3633 769 3718 argentarios
807 3632 1031 3715 pretiis
1072 3654 1283 3695 rerum
1323 3637 1781 3716 coemptarum,
1822 3633 1931 3696 sed
1971 3639 2035 3696 et
2073 3633 2137 3696 in
2168 3639 2469 3717 praetura
2506 3655 2665 3698 mer-

293 3759 346 3798 so
377 3739 526 3804 cede
554 3739 913 3824 palmarum
954 3738 1310 3823 aurigarios
1341 3739 1753 3822 fraudauerit,
1796 3743 2057 3803 notatus
2092 3739 2177 3802 ob
2209 3738 2368 3803 haee
2402 3745 2464 3803 et
2494 3762 2667 3803 soro-

371 3847 460 3908 ris
507 3846 646 3909 ioco
677 3848 717 3928 <
722 3896 872 3910 ......
875 3848 914 3928 >
962 3845 1374 3928 querentibus
1418 3846 1697 3909 dominis
1736 3845 2089 3909 factionum
2133 3847 2668 3929 repraesentanda

515 4055 546 4100 3
585 4047 719 4120 nisi]
759 4047 867 4102 sibi
901 4049 974 4101 M
1079 4054 1110 4099 8
1149 4063 1274 4116 neq.
1306 4063 1562 4099 recusare
1599 4063 1708 4114 neq
1764 4046 2043 4115 suscipere
2083 4049 2258 4101 Polak
2370 4055 2434 4100 15
2475 4047 2667 4100 trium-

371 4127 636 4198 phalibus
666 4127 1007 4182 ornamentis
1042 4127 1092 4180 G
1205 4133 1270 4179 16
1304 4127 1400 4178 uia
1429 4144 1528 4180 om.
1569 4131 1615 4179 Τ
1724 4132 1787 4178 19
1819 4126 1999 4179 edidit
2029 4128 2261 4196 Bentley
2372 4133 2437 4180 24
2468 4130 2667 4195 putare

377 4209 461 4274 M,
499 4211 723 4278 portare
757 4208 834 4260 1,ι
935 4213 1000 4261 26
1040 4209 1328 4275 repentem
1367 4209 1402 4260 δ
1439 4207 1713 4272 majans,
1753 4207 2005 4276 Bentley)
2116 4207 2255 4259 baut
2291 4208 2460 4260 MGS
2488 4209 2569 4274 (jn
2600 4208 2673 4260 ,Π

372 4289 594 4344 hastula
611 4306 834 4342 annexa
854 4289 955 4341 uix
975 4288 992 4340 i
1013 4289 1354 4357 siqnificans)
1467 4293 1528 4338 27
1555 4303 1761 4356 gnarus
1788 4289 1911 4342 MR
1925 4289 1959 4340 ὁ·
2060 4288 2245 4340 obruit
2266 4287 2428 4340 POT
2523 4293 2589 4340 29
2612 4291 2673 4340 et

374 4386 474 4424 om.
505 4369 578 4422 M
684 4373 754 4422 ³0
792 4369 1018 4438 sororis]
1050 4367 1302 4420 Caesaris
1343 4368 1543 4432 Ursin„
1578 4367 1816 4420 Neronis
1848 4367 2099 4420 Caesaris
2135 4368 2271 4421 Oud.
2385 4373 2447 4419 31
2481 4365 2603 4420 ioco
2635 4384 2667 4425 ς

375 4449 716 4516 (Sabellicus)
745 4455 794 4502 et
811 4451 891 4502 sic
916 4449 1030 4502 iam
1057 4449 1120 4500 in.
1142 4449 1191 4501 R
1211 4465 1278 4500 ss.
1293 4463 1400 4516 pro
1421 4465 1472 4500 u.
1499 4449 1548 4509 1.,
1571 4447 1693 4499 1060
1714 4450 1765 4498 Ω
1902 4455 2027 4500 ante
2056 4447 2419 4516 querentibus
2450 4450 2667 4516 (quaer-

379 4529 524 4596 MR)
550 4530 728 4598 suppl.
761 4527 993 4599 (quae)
1027 4529 1279 4592 Casaub„
1320 4527 1502 4598 (qui)
1534 4527 1717 4580 Ursin.
1752 4527 1952 4596 (om),
1992 4535 2049 4580 at
2081 4530 2245 4594 plura
2275 4529 2447 4581 deesse
2479 4527 2669 4580 uiden-

375 4615 484 4674 tur,
522 4609 624 4680 <et
661 4608 848 4661 Tiberi
887 4608 1072 4661 edicto
1111 4609 1252 4678 qui>
1283 4625 1501 4676 propos.
1533 4608 1799 4661 Bucheler
1942 4611 2267 4676 repsentata
2298 4608 2351 4660 R
