3259 5209
1030 428 1248 483 DIVVS
1284 428 1666 483 AVGVSTVS
1705 440 1834 489 [cn.
1865 440 1988 489 8—'11
2569 426 2650 490 51

360 590 606 654 natales
650 589 777 655 hoc
813 613 1075 676 quoque
1108 591 1405 674 patribus
1442 590 1824 676 conscriptis
1869 591 2193 678 allegaret,
2239 610 2375 654 esse
2410 611 2658 673 posses-

362 719 573 762 sorem
618 717 693 759 ac
737 698 917 761 uelut
962 698 1287 762 aedituum
1334 696 1475 783 soli,
1522 696 1698 781 quod
1743 698 2022 781 primum
2070 694 2276 762 Diuus
2322 695 2656 782 Augustus

360 825 629 868 nascens
674 804 1010 889 attigisset,
1056 808 1428 889 peteretque
1474 804 1699 869 donari
1746 805 1928 887 quasi
1974 804 2239 887 proprio
2287 826 2402 868 suo
2440 823 2515 866 ac
2551 824 2655 886 pe—

360 910 586 975 culiari
642 910 789 994 dee,
844 910 1170 975 decretum
1238 917 1335 975 est
1399 916 1473 975 ut
1538 932 1611 975 ea
1665 933 1816 995 pars
1870 910 2096 976 domus
2162 914 2655 975 consecraretur.

308 1044 331 1083 5
360 1018 901 1082 nutrimentorum
940 1019 1075 1081 eius
1116 1016 1476 1082 ostenditur
1510 1016 1719 1082 adhuc
1754 1018 1934 1082 locus
1971 1019 2040 1081 in
2075 1017 2251 1081 auito
2281 1016 2650 1081 suburbano
2681 1016 2725 1080 6

362 1124 543 1188 iuxta
588 1122 869 1188 Velitras
925 1123 1331 1207 permodicus
1395 1128 1459 1188 et
1516 1124 1714 1189 cellae
1770 1124 2111 1208 penuariae
2167 1124 2400 1207 instar,
2457 1126 2655 1187 tenet-

365 1252 491 1312 que
548 1230 947 1296 uicinitatem
1003 1230 1224 1313 opinio
1280 1234 1611 1313 tamquam
1675 1236 1740 1294 et
1793 1236 1981 1294 natus
2040 1230 2133 1293 ibi
2189 1231 2290 1294 sit.
2382 1228 2508 1293 huc
2565 1230 2656 1293 in-

362 1338 561 1401 troire
608 1336 731 1401 nisi
778 1336 1135 1401 necessario
1192 1342 1255 1399 et
1312 1342 1482 1401 caste
1538 1337 1768 1422 religio
1824 1342 1937 1419 est,
1994 1342 2300 1421 concepta
2355 1337 2658 1421 opinione

360 1443 585 1527 ueteri,
633 1444 819 1525 quasi
864 1448 1103 1508 temere
1150 1443 1531 1509 adeuntibus
1576 1442 1810 1509 horror
1855 1442 2116 1527 quidam
2155 1449 2218 1507 et
2263 1449 2474 1507 metus
2521 1442 2654 1507 obi-

240 1578 335 1617 .1o
364 1552 597 1633 ciatur,
661 1550 771 1615 sed
835 1555 899 1614 et
958 1570 1110 1613 mox
1166 1550 1560 1615 confirmata.
1651 1572 1800 1615 nam
1866 1572 2011 1614 cum
2071 1572 2402 1633 possessor
2463 1548 2656 1613 uillae

360 1677 571 1721 nouus
626 1680 736 1721 seu
791 1657 958 1721 forte
1014 1680 1125 1722 seu
1183 1656 1540 1741 temptandi
1597 1679 1787 1723 causa
1842 1656 2129 1721 cubitum
2188 1678 2256 1721 se
2311 1678 2386 1720 eo
2439 1661 2656 1720 contu-

361 1764 562 1846 lisset,
626 1765 841 1828 euenit
906 1769 977 1829 ut
1041 1768 1190 1847 post
1260 1764 1679 1847 paucissimas
1751 1764 1960 1827 noctis
2024 1762 2216 1828 horas
2281 1763 2658 1827 exturbatus

362 1868 509 1934 inde
556 1870 769 1935 subita
818 1870 881 1933 ui
929 1876 993 1936 et
1040 1872 1284 1935 incerta
1328 1892 1528 1955 paene
1580 1870 1976 1937 semianimis
2024 1893 2167 1935 cum
2217 1876 2416 1935 strato
2465 1870 2658 1935 simul

363 1980 511 2041 ante
556 1977 729 2041 fores
774 1978 1186 2042 inueniretur.

284 2108 335 2148 15
540 2080 780 2147 Infanti
842 2104 1197 2169 cognomen
1262 2083 1550 2149 Thurino
1616 2084 1894 2149 inditum
1960 2088 2083 2167 est,
2149 2086 2212 2147 in
2281 2084 2653 2148 memoriam
2688 2080 2724 2143 7

366 2188 680 2252 maiorum
739 2190 1005 2275 originis
1016 2242 1033 2274 ‚
1088 2191 1193 2254 uel
1244 2192 1418 2275 quod
1473 2192 1735 2276 regione
1781 2190 2068 2255 Thurina
2117 2213 2336 2255 recens
2382 2213 2456 2255 eo
2505 2194 2656 2254 nato

364 2300 549 2378 pater
622 2293 929 2363 Octauius
1004 2298 1309 2361 aduersus
1382 2297 1698 2382 fugitiuos
1770 2320 1903 2362 rem
1983 2320 2287 2382 prospere
2360 2302 2659 2381 gesserat.

364 2399 723 2467 Thurinum
790 2405 1313 2489 cognominatum
1380 2404 1535 2469 satis
1609 2407 1784 2469 ceria
1846 2403 2227 2488 probatione
2292 2404 2654 2469 tradiderim

363 2514 588 2572 nactus
653 2509 962 2592 puerilem
1032 2510 1509 2596 imagunculam
1575 2512 1712 2575 eius
1777 2532 2024 2574 aeream
2089 2516 2370 2575 ueterem
2434 2510 2658 2575 ferreis

284 2640 338 2679 20
367 2620 432 2678 et
476 2636 677 2698 paene
732 2615 861 2681 iam
919 2617 1429 2681 exolescentibus
1482 2617 1720 2681 litteris
1773 2616 1898 2681 hoc
1951 2617 2211 2681 nomine
2267 2616 2660 2701 inscriptam,

366 2743 527 2807 quae
588 2722 756 2787 dono
818 2745 855 2787 a
913 2744 1017 2787 me
1075 2724 1353 2808 principi
1411 2723 1558 2787 data
1612 2724 1782 2787 inter
1842 2723 2208 2807 cubicu<li>
2261 2723 2454 2787 Lares
2510 2724 2660 2789 coli-

365 2833 487 2892 tur.
570 2828 681 2892 sed
727 2833 793 2892 et
838 2853 877 2893 a
910 2828 999 2894 M.
1026 2828 1316 2895 Antonio
1364 2832 1432 2894 in
1470 2829 1764 2914 epistulis
1808 2852 1923 2914 per
1971 2830 2428 2895 contumeliam
2473 2851 2661 2913 saepe

364 2934 691 2999 Thurinus
756 2936 1117 3021 appellatur
1180 2942 1245 3001 et
1308 2938 1445 3022 ipse
1506 2936 1672 3001 nihil
1737 2937 2014 3021 amplius
2070 2959 2262 3021 quam
2316 2937 2538 3001 mirari
2594 2959 2660 3001 se

364 3041 663 3106 rescribit
732 3064 851 3126 pro
927 3042 1277 3126 obprobrio
1361 3042 1485 3107 sibi
1566 3043 1746 3126 prius
1823 3064 2060 3107 nomen
2132 3043 2319 3108 obici.
2435 3047 2661 3127 postea
2699 3056 2729 3102 2

510 3294 576 3343 15
588 3306 709 3357 sqq.
765 3290 895 3343 inde
940 3290 1079 3343 talia
1123 3290 1289 3355 finxit
1329 3288 1481 3343 Sem.
1514 3291 1651 3343 Aen.
1681 3290 1724 3341 I
1741 3293 1855 3343 292
1901 3288 2139 3342 adulans
2183 3289 2426 3360 populus
2473 3290 2536 3343 R.
2555 3288 2659 3343 Oc-

364 3369 597 3423 tauiano
635 3369 747 3422 tria
792 3368 1001 3423 obtulit
1046 3368 1297 3434 nomina,
1342 3370 1533 3421 utrum
1569 3368 1745 3422 uellet
1783 3368 2045 3434 Quirinus
2085 3386 2156 3422 an
2194 3368 2398 3423 Caesar
2436 3386 2509 3423 an
2548 3371 2659 3423 Au-

367 3452 562 3519 gustus
617 3449 823 3503 uocari.
907 3448 1007 3503 ille
1052 3466 1121 3503 ne
1172 3466 1345 3501 unum
1397 3448 1656 3518 eligendo
1711 3452 1926 3517 partem
1973 3449 2248 3517 laederet,
2304 3466 2448 3519 quae
2505 3449 2662 3504 aliud

368 3526 563 3583 offerre
601 3528 883 3599 cupiebat,
923 3529 1145 3583 diuerso
1190 3531 1442 3598 tempore
1488 3529 1746 3582 omnibus
1795 3546 1928 3582 usus
1965 3532 2050 3582 est
2087 3532 2144 3582 et
2179 3528 2360 3598 primo
2398 3529 2660 3594 Quirinus

370 3609 553 3663 dictus
591 3611 692 3674 est,
732 3609 865 3663 inde
903 3608 1122 3677 Caesar,
1160 3612 1374 3678 postea,
1413 3608 1563 3676 quod
1603 3612 1660 3661 et
1698 3609 1962 3676 obtinuit,
1999 3609 2304 3679 Augustus,
2343 3610 2491 3664 sicut
2529 3610 2660 3663 Sue-

364 3690 553 3742 tonius
582 3688 787 3759 probat
814 3691 873 3743 et
906 3689 967 3743 in
995 3688 1271 3760 georgicis
1301 3688 1549 3742 ostendit
1568 3688 1862 3757 Vergilius.
1934 3689 2125 3759 Geory.
2155 3690 2269 3743 III
2285 3695 2360 3744 27
2395 3692 2460 3742 ut
2488 3691 2658 3745 etiam

366 3769 425 3821 in
479 3769 662 3838 primo
720 3770 983 3837 Aeneidis
1040 3768 1309 3834 diximus,
1368 3768 1665 3822 Suetonius
1721 3768 2081 3837 Tranquillus
2137 3770 2243 3823 hoc
2289 3770 2356 3823 de
2406 3771 2660 3839 Augusto

367 3853 782 3917 commemorat,
829 3850 1075 3917 quodam
1120 3852 1373 3919 tempore
1420 3852 1531 3901 tres
1578 3852 1768 3917 partes
1805 3850 2000 3919 populi
2040 3851 2424 3903 consentiente
2463 3854 2660 3903 senatu

514 4078 541 4124 1
582 4088 701 4125 esse
740 4088 798 4125 se
827 4075 885 4124 X
896 4074 944 4124 Τ
977 4074 1058 4141 (se
1094 4072 1159 4125 in
1187 4072 1242 4123 P
1272 4089 1340 4126 ss.
1380 4088 1449 4125 m.
1478 4074 1539 4139 2)
1685 4078 1716 4123 5
1755 4071 1910 4124 locus
1949 4087 2048 4124 om.
2092 4072 2142 4125 G
2288 4078 2319 4124 6
2357 4073 2661 4141 penuariae

369 4154 456 4217 M,
502 4151 844 4221 paenuariae
880 4168 1017 4206 corr.
1056 4168 1123 4205 ex
1158 4152 1481 4220 paemariae
1520 4153 1599 4216 L,
1647 4151 1916 4222 penuriae
1954 4158 2002 4205 et
2041 4154 2102 4203 in
2137 4153 2386 4221 maryine
2422 4168 2661 4220 penuar-

377 4233 439 4299 V,
478 4232 747 4300 penuriae
784 4233 893 4299 (uel
928 4232 1052 4301 -rie)
1089 4234 1182 4286 rel.
1348 4236 1380 4285 8
1420 4231 1645 4284 nonnisi
1683 4236 1740 4284 X
1899 4236 1964 4283 10
2004 4232 2332 4285 confirmata
2370 4236 2454 4285 est
2494 4235 2553 4284 Π
2561 4234 2660 4285 Re

365 4312 562 4381 (ναῖς.)
708 4316 774 4365 15
811 4312 872 4364 in
908 4312 1177 4365 memoria
1210 4312 1319 4382 Qs,
1359 4311 1429 4364 ob
1458 4312 1788 4365 memoriam
1817 4312 2014 4377 PS1T,
2051 4312 2144 4365 uel
2181 4313 2452 4365 memoria
2489 4315 2659 4366 Bent-

367 4392 453 4461 ley
489 4392 671 4445 delens
706 4391 941 4461 originis
1132 4396 1198 4444 16
1245 4392 1339 4445 uel
1376 4408 1477 4446 om.
1516 4392 1686 4447 LPS
1730 4392 1902 4459 (quod
1938 4392 2031 4444 uel
2077 4394 2146 4461 T)
2336 4392 2395 4444 in
2431 4392 2661 4461 regione

374 4470 565 4526 TP'T
702 4477 771 4525 20
808 4472 888 4543 et]
928 4471 1027 4525 sed
1057 4473 1289 4542 Bentley
1433 4472 1702 4540 scriptam
1736 4472 1786 4525 G
1931 4478 1996 4524 21
2039 4471 2384 4525 cubiculares
2417 4475 2486 4538 Ω,
2521 4490 2658 4525 corr.

366 4552 600 4620 Lipsius
745 4556 811 4604 23
850 4552 963 4620 ipsi
1000 4554 1073 4607 M
1083 4553 1133 4606 G

2163 4642 2231 4693 4ῠ
