3259 5209
504 1561 535 1608 9

470 2310 537 2356 10

472 2737 534 2783 11

475 3587 537 3634 12

580 430 706 494 110
1278 429 1336 484 C.
1376 427 1692 483 SVETONJ
1729 427 2175 493 TRANQVILLI

573 593 844 658 eundem
896 615 1183 677 puerum,
1230 615 1421 676 quem
1470 614 1616 657 cum
1653 591 1904 656 detrahi
1947 591 2256 674 iussisset,
2303 590 2706 674 prohibitum
2743 610 2884 654 mo-

572 701 713 764 nitu
775 701 901 782 dei,
963 705 1293 782 tamquam
1350 701 1405 762 is
1462 699 1541 763 ad
1596 699 1863 762 tutelam
1921 699 2014 762 rei
2069 721 2130 783 p.
2179 698 2581 779 educaretur3
2646 719 2722 761 ac
2775 696 2880 760 die

572 808 874 890 proximo
921 807 1187 871 obuium
1236 806 1359 870 sibi
1400 805 1792 891 Augustum,
1839 826 1984 868 cum
2031 806 2434 890 incognitum
2483 803 2640 868 alian
2688 802 2880 866 habe-

572 918 700 996 ret,
752 935 887 976 non
942 915 1079 977 sine
1135 913 1557 976 admiratione
1612 911 1946 977 contuitus
1993 912 2394 975 simillimum
2445 911 2610 974 dixit
2655 931 2882 994 puerO,

576 1020 655 1083 de
704 1041 831 1103 quo
880 1020 1277 1084 somniasset.
1372 1019 1630 1103 quidam
1679 1019 1859 1103 prius
1908 1018 2230 1082 somnium
2281 1016 2488 1082 Catuli
2539 1019 2730 1082 aliter
2773 1038 2876 1080 ex·
2940 1040 2969 1080 5

576 1131 845 1210 ponunt,
893 1128 1075 1210 quasi
1125 1125 1417 1210 Iuppiter
1464 1124 1904 1209 compluribus
1950 1125 2368 1209 praetextatis
2415 1128 2696 1188 tutorem
2737 1147 2773 1187 a
2811 1145 2880 1187 se

572 1233 987 1317 poscentibus
1034 1255 1233 1298 unum
1282 1255 1359 1298 ex
1408 1234 1542 1297 eius
1591 1232 2106 1314 demonstrasset,
2153 1231 2232 1296 ad
2279 1253 2469 1314 quem
2519 1231 2738 1295 omnia
2775 1231 2879 1294 de-

575 1339 808 1404 sideria
854 1361 972 1403 sua
1015 1339 1343 1420 referrent,
1390 1340 1656 1422 eiusque
1694 1338 1985 1402 osculum
2026 1337 2377 1402 delibatum
2418 1338 2638 1423 digitis
2684 1338 2766 1400 ad
2803 1359 2880 1400 os

576 1467 763 1509 suum
808 1447 1263 1528 ret<t>ulisset.

755 1551 839 1615 M.
888 1550 1109 1617 Cicero
1170 1552 1235 1616 C.
1284 1551 1616 1618 Caesarem
1676 1555 1745 1616 in
1805 1551 2197 1637 Capitolium
2261 1556 2640 1636 prosecutus
2707 1573 2880 1615 som·
2907 1574 2968 1613 ιο

572 1659 753 1722 nium
820 1659 1130 1742 pristinae
1192 1661 1401 1724 noctis
1474 1659 1906 1723 familiaribus
1970 1660 2137 1723 forte
2201 1660 2529 1722 narrabat:
2604 1679 2880 1742 puerum

572 1766 738 1830 facie
791 1765 1048 1830 liberali
1102 1765 1449 1830 demissum
1508 1789 1543 1830 e
1597 1767 1776 1831 caelo
1833 1771 2058 1830 catena
2111 1787 2302 1830 aurea
2346 1765 2428 1829 ad
2472 1765 2644 1830 fores
2694 1763 2879 1847 Capi-

575 1872 695 1935 toli
752 1873 1116 1937 constitisse
1174 1875 1359 1956 eique
1413 1871 1635 1938 Iouem
1691 1872 2020 1958 flagellum
2077 1872 2440 1956 tradidisse3
2501 1871 2731 1936 deinde
2783 1893 2880 1935 re-

574 1982 767 2060 pente
796 1977 1093 2064 Augusto
1133 1982 1295 2062 uiso,
1345 2002 1533 2063 quem
1574 1982 1871 2065 ignotum
1909 1979 2235 2063 plerisque
2273 1979 2484 2043 adhuc
2518 1977 2880 2043 auunculus

576 2082 807 2149 Caesar
843 2085 923 2148 ad
962 2086 1449 2151 sacrificandum
1488 2087 1824 2170 acciuerat,
1862 2086 2213 2150 affirmauit
2250 2087 2464 2170 ipsum
2501 2107 2658 2166 esse,
2697 2085 2880 2149 cuius
2909 2105 2968 2146 ιε

576 2192 789 2276 imago
838 2193 1187 2258 secundum
1235 2195 1517 2275 quietem
1565 2193 1690 2259 sibi
1737 2192 2080 2258 obuersata
2126 2194 2225 2256 sit.

758 2296 1048 2362 Sumenti
1097 2299 1351 2363 uirilem
1399 2305 1620 2385 togam
1669 2301 1888 2364 tunica
1941 2300 2058 2364 lati
2108 2299 2273 2363 claui
2322 2303 2538 2363 resuta
2584 2321 2661 2363 ex
2708 2302 2880 2361 utra-

576 2425 699 2485 que
744 2408 927 2489 parte
975 2406 1055 2469 ad
1102 2405 1292 2488 pedes
1341 2407 1592 2471 decidit.
1667 2407 1931 2471 fuerunt
1971 2407 2081 2489 qui
2120 2407 2710 2490 interpretarentur,
2745 2427 2880 2469 non

574 2509 750 2573 aliud
797 2511 1177 2596 significare,
1222 2535 1415 2596 quam
1463 2517 1536 2576 ut
1575 2515 1629 2577 is
1668 2514 1824 2577 ordo
1863 2513 2044 2577 cuius
2083 2513 2334 2598 insigne
2371 2513 2438 2577 id
2477 2516 2644 2578 esset
2683 2533 2880 2595 quan-

578 2615 787 2700 doque
834 2619 894 2681 ei
941 2619 1353 2683 subiceretur.
2908 2639 2966 2678 2⁰

754 2723 948 2809 Apud
994 2725 1299 2789 Mundam
1350 2725 1557 2790 Diuus
1612 2725 1818 2790 Iulius
1876 2727 2102 2790 castris
2157 2728 2372 2791 locum
2425 2726 2682 2811 capiens
2731 2747 2880 2789 cum

576 2829 808 2894 siluam
848 2832 1155 2916 caederet,
1197 2832 1489 2896 arborem
1526 2832 1780 2917 palmae
1816 2837 2137 2917 repertam
2175 2833 2544 2896 conseruari
2578 2837 2652 2895 ut
2689 2853 2880 2896 omen

576 2937 888 3001 uictoriae
935 2937 1151 3022 iussit3
1200 2962 1277 3002 ex
1327 2962 1400 3002 ea
1450 2939 1757 3003 continuo
1805 2944 1991 3002 enata
2039 2938 2296 3002 suboles
2343 2938 2502 3002 adeo
2551 2939 2616 3001 in
2654 2938 2880 3021 paucis

578 3043 801 3107 diebus
849 3045 1161 3128 adoleuit,
1210 3051 1281 3109 ut
1326 3069 1455 3109 non
1505 3046 1950 3130 aequiperaret
1996 3045 2188 3110 modo
2237 3046 2596 3127 matricem,
2651 3065 2878 3108 uerum

577 3153 642 3214 et
688 3149 1019 3235 obtegeret
1064 3151 1707 3235 frequentareturque
1757 3152 2199 3216 columbarum
2238 3152 2426 3234 nidis,
2476 3151 2772 3236 quamuis
2813 3151 2878 3214 id
2911 3171 2964 3212 25

578 3257 795 3320 auium
845 3279 1047 3341 genus
1094 3258 1319 3322 duram
1366 3263 1432 3321 et
1486 3280 1778 3342 asperam
1834 3257 2127 3322 frondem
2175 3258 2451 3321 maxime
2498 3257 2677 3321 uitet.
2761 3257 2877 3322 illo

579 3369 640 3426 et
687 3365 1027 3448 praecipue
1076 3370 1328 3428 ostento
1376 3370 1625 3428 motum
1666 3365 2000 3428 Caesarem
2048 3365 2279 3446 ferunt,
2325 3385 2405 3426 ne
2445 3385 2634 3447 quem
2679 3365 2877 3428 alium

580 3469 702 3534 sibi
750 3470 1084 3535 succedere
1132 3493 1322 3554 quam
1373 3471 1612 3535 sororis
1661 3477 1961 3554 nepotem
2010 3470 2220 3535 uellet.

756 3575 833 3640 In
890 3600 1140 3642 secessu
1188 3577 1574 3662 Apolloniae
1622 3578 1986 3664 Theogenis
2041 3578 2484 3642 mathematici
2539 3577 2873 3663 pergulam

581 3683 813 3748 comite
870 3683 1163 3768 Agrippa
1226 3685 1618 3766 ascenderat3
1686 3707 1831 3749 cum
1889 3685 2246 3770 Agrippae,
2312 3686 2424 3768 qui
2486 3687 2669 3769 prior
2730 3706 2878 3749 con·
2907 3703 2962 3743 so

580 3789 860 3872 sulebat,
915 3813 1149 3876 magna
1205 3796 1269 3854 et
1313 3813 1514 3876 paene
1563 3791 1964 3856 incredibilia
2009 3791 2552 3876 praedicerentur,
2611 3791 2878 3856 reticere

580 3898 717 3980 ipse
765 3898 1124 3983 genituram
1182 3921 1361 3962 suam
1418 3920 1533 3961 nec
1590 3897 1758 3962 uelle
1814 3897 1998 3962 edere
2054 3898 2531 3983 perseuerabat,
2581 3903 2756 3963 metu
2803 3920 2879 3962 ac

724 4162 753 4206 ⁶2
794 4153 969 4206 tulam
992 4153 1103 4217 111¹,
1132 4153 1359 4206 titulam
1384 4154 1435 4206 V
1536 4160 1569 4203 4
1606 4153 2047 4206 murmuratione
2071 4155 2122 4206 V
2225 4159 2254 4205 5
2293 4153 2509 4207 Taliter
2536 4153 2602 4222 (Τ
2630 4155 2802 4222 rubr.)
2825 4153 2878 4208 G·

581 4239 612 4286 8
652 4233 841 4287 dicitis
875 4235 935 4298 V,
973 4234 1141 4286 dictis
1174 4233 1225 4286 G
1371 4239 1435 4285 12
1478 4233 1783 4286 demissum
1825 4235 1942 4298 Te,
1982 4234 2224 4286 demissa
2247 4235 2318 4286 M
2354 4238 2509 4302 (corr.
2539 4251 2608 4288 ex
2635 4233 2877 4287 demisso

580 4332 647 4368 m.
674 4317 723 4382 1)
744 4319 821 4378 X,
860 4313 1100 4366 demisso
1126 4313 1242 4366 GV
1380 4329 1409 4366 e
1447 4331 1548 4367 om.
1582 4313 1633 4366 G
1783 4319 1848 4366 14
1881 4313 2060 4380 uisoq;
2090 4329 2294 4381 magno
2323 4315 2444 4366 tum
2477 4313 2528 4367 G
2676 4317 2740 4366 16
2779 4313 2878 4366 ob-

582 4397 807 4447 seruata
835 4398 891 4446 X
894 4391 939 4446 ἐ
970 4395 1053 4462 (in
1076 4397 1148 4448 M
1180 4411 1306 4446 uers
1338 4395 1396 4445 in
1424 4411 1531 4447 ras,
1566 4411 1631 4446 m.
1656 4398 1708 4461 1)
1835 4399 1897 4445 17
1929 4393 2222 4447 laticlauia
2245 4395 2514 4448 Graevius
2631 4391 2880 4446 resoluta

583 4475 935 4528 Halbertsma
1046 4479 1111 4526 19
1152 4473 1457 4541 significari
1496 4474 1806 4541 Stephanus
1916 4480 1982 4526 29
2024 4490 2282 4527 successu
2323 4475 2410 4540 M,
2447 4489 2726 4528 secessum
2755 4477 2814 4526 X

581 4571 680 4622 per
717 4552 969 4622 tegulam
1008 4559 1065 4606 X
1217 4559 1284 4606 30
1324 4553 1577 4621 Agrippa
1616 4554 1948 4607 ascenderat
1985 4571 2110 4607 cum
2149 4571 2248 4608 om.
2292 4553 2340 4606 V

3231 0 3259 822 A-a-*„“ss
