3259 5209
1027 465 1247 521 DIVVS
1283 464 1520 519 IVLIVS
1559 478 1693 527 [car.
1724 478 1899 528 37-41]
2526 468 2607 531 21

312 629 472 694 duas
530 630 725 712 acies,
789 629 1129 714 quingenis
1185 628 1538 714 peditibus,
1601 628 1963 714 elephantis
2018 630 2289 713 uicenis,
2353 632 2611 695 tricenis

311 736 642 819 equitibus
689 736 840 801 hinc
887 741 950 800 et
997 736 1146 799 inde
1192 737 1568 801 commissis.
1653 758 1803 801 nam
1853 758 1981 820 quo
2027 736 2237 801 laxius
2285 737 2613 801 dimicare-

311 846 450 926 tur,
496 842 785 907 sublatae
831 847 1041 907 metae
1085 844 1282 925 inque
1325 864 1545 907 earum
1590 844 1807 907 locum
1855 843 2009 907 bina
2056 847 2265 907 castra
2309 842 2611 907 exaduer-

313 972 458 1013 sum
519 950 874 1015 constituta
931 954 1128 1013 erant.
1231 948 1510 1013 athletae
1575 950 1785 1015 stadio
1850 949 1931 1014 ad
1995 952 2250 1033 tempus
2316 953 2609 1014 extructo

255 1080 284 1121 s
311 1057 576 1141 regione
630 1056 823 1120 Marti
879 1057 1091 1140 campi
1143 1060 1551 1121 certauerunt
1603 1076 1721 1141 per
1774 1055 2077 1121 triduum.
2158 1054 2373 1121 nauali
2428 1077 2609 1141 proe-
2647 1074 2680 1121 4

311 1161 402 1228 lio
459 1164 526 1227 in
580 1163 828 1227 minore
885 1161 1126 1227 Codeta
1171 1162 1426 1227 defosso
1481 1162 1628 1227 lacu
1682 1162 1956 1227 biremes
2002 1184 2079 1227 ac
2124 1163 2413 1227 triremes
2461 1184 2613 1246 qua·

312 1268 748 1353 driremesque
793 1268 1024 1352 Tyriae
1079 1274 1145 1333 et
1197 1268 1558 1354 Aegyptiae
1616 1269 1839 1333 classis
1896 1290 2129 1353 magno
2176 1274 2608 1354 pugnatorum

310 1398 580 1441 numero
638 1375 1080 1441 conflixerunt.
1172 1375 1252 1439 ad
1309 1398 1469 1459 quae
1525 1374 1744 1441 omnia
1790 1376 2153 1459 spectacula
2198 1380 2449 1440 tantum
2495 1398 2609 1439 un-

311 1482 504 1566 dique
552 1482 864 1547 confluxit
906 1482 1260 1565 hominum,
1307 1486 1381 1546 ut
1424 1483 1715 1567 plerique
1762 1477 2043 1547 aduenae
2078 1485 2190 1547 aut
2227 1482 2395 1546 inter
2430 1482 2607 1546 uicos

225 1614 283 1653 ιο
311 1593 424 1652 aut
479 1590 648 1653 inter
700 1590 840 1653 uias
897 1588 1328 1655 tabernaculis
1388 1588 1620 1673 positis
1678 1593 2038 1671 manerent,
2092 1610 2165 1653 ac
2222 1609 2411 1671 saepe
2454 1609 2608 1672 prae

313 1696 504 1759 turba
547 1694 688 1759 elisi
735 1683 1206 1778 exanimatique
1255 1696 1386 1759 sint
1430 1695 1695 1779 plurimi
1741 1699 1806 1759 et
1852 1695 1919 1759 in
1956 1695 2061 1759 his
2100 1694 2225 1759 duo
2267 1698 2607 1759 senatores,

491 1800 852 1867 Conuersus
890 1800 1042 1865 hinc
1080 1802 1157 1866 ad
1199 1800 1623 1866 ordinandum
1663 1801 1757 1867 rei
1792 1801 2091 1886 publicae
2128 1806 2369 1865 statum
2404 1801 2605 1865 fastos
2624 1798 2716 1865 40

311 1908 590 1972 correxit
645 1909 770 1972 iam
826 1907 1074 1993 pridem
1135 1908 1297 1973 uitio
1345 1908 1729 1993 pontificum
1787 1930 1902 1993 per
1947 1907 2369 1973 intercalandi
2416 1906 2607 1973 licen-

311 2000 468 2079 tiam
526 2015 681 2079 adeo
735 2014 1029 2079 turbatos
1038 2065 1057 2098 ,
1113 2019 1188 2079 ut
1241 2036 1448 2098 neque
1503 2014 1807 2079 messium
1866 2014 2062 2079 feriae
2117 2018 2354 2078 aestate
2400 2034 2606 2097 neque

226 2146 280 2187 ιε
310 2122 780 2186 uindemiarum
828 2125 1134 2185 autumno
1184 2124 1624 2205 conpeterent3
1672 2142 2039 2204 annumque
2086 2120 2163 2183 ad
2202 2142 2459 2184 cursum
2506 2142 2606 2184 so-

309 2226 391 2291 lis
445 2227 984 2310 accommodauit,
1039 2231 1113 2291 ut
1167 2232 1602 2292 trecentorum
1652 2227 1985 2311 sexaginta
2030 2226 2313 2311 quinque
2360 2226 2605 2291 dierum

309 2338 477 2399 esset
523 2339 588 2398 et
641 2334 1044 2399 intercalario
1090 2356 1308 2399 mense
1355 2334 1608 2398 sublato
1666 2355 1832 2397 unus
1889 2333 2025 2397 dies
2072 2337 2301 2417 quarto
2347 2354 2605 2417 quoque

312 2462 478 2504 anno
533 2440 1032 2507 intercalaretur.
1128 2461 1256 2524 quo
1314 2444 1528 2505 autem
1585 2439 1792 2525 magis
1848 2440 1911 2503 in
1969 2445 2295 2524 posterum
2356 2462 2434 2503 ex
2480 2438 2605 2503 Ka·
2644 2456 2675 2505 2

311 2546 516 2611 lendis
571 2545 886 2613 Ianuariis
932 2548 1122 2611 nouis
1169 2551 1536 2631 temporum
1583 2548 1748 2610 ratio
1798 2551 2196 2632 congrueret,
2253 2545 2420 2611 inter
2473 2544 2537 2609 N
2540 2568 2603 2610 o-

227 2676 282 2717 so
311 2653 640 2719 uembrem
695 2676 768 2719 ac
815 2652 1232 2717 Decembrem
1289 2674 1573 2717 mensem
1628 2652 1946 2717 interiecit
2000 2653 2159 2717 duos
2208 2652 2395 2735 alios3
2456 2652 2603 2715 fuit·

313 2782 436 2843 que
480 2760 540 2823 is
583 2782 816 2843 annus,
863 2782 991 2843 quo
1039 2760 1194 2823 haec
1241 2760 1822 2843 constituebantur,
1876 2758 2239 2842 quindecim
2286 2758 2602 2822 mensium

313 2888 458 2931 cum
504 2867 940 2948 intercalariO,
987 2868 1099 2949 qui
1147 2889 1224 2930 ex
1271 2866 1731 2929 consuetudine
1776 2866 1845 2928 in
1892 2887 2035 2929 eum
2084 2887 2321 2929 annum
2368 2863 2602 2927 incide-

309 2978 424 3037 rat.
501 2979 790 3038 senatum
829 2975 1182 3057 suppleuit,
1229 2974 1532 3056 patricios
1570 2972 1839 3057 adlegit,
1884 2976 2251 3056 praetorum
2300 2970 2599 3034 aedilium
2618 2970 2705 3036 41

313 3084 751 3164 quaestorum,
805 3082 1126 3145 minorum
1174 3080 1368 3144 etiam
1417 3080 1907 3165 magistratuum
1954 3100 2291 3142 numerum
2338 3075 2599 3159 amplia-

231 3209 282 3249 25
310 3187 432 3269 uit;
481 3186 756 3251 nudatos
805 3207 995 3270 opere
1043 3186 1330 3251 censorio
1380 3190 1492 3250 aut
1538 3186 1855 3250 sententia
1900 3184 2181 3249 iudicum
2231 3184 2307 3247 de
2356 3184 2599 3248 ambitu

311 3292 766 3358 condemnatos
819 3292 1117 3357 restituit.
1211 3293 1474 3357 comitia
1531 3314 1677 3355 cum
1734 3290 1977 3375 populo
2034 3292 2309 3375 partitus
2358 3294 2482 3372 est,
2532 3296 2601 3353 ut
2639 3308 2669 3354 2

311 3401 592 3484 exceptis
649 3401 1018 3465 consulatus
1083 3400 1590 3483 conpetitoribus
1653 3399 1729 3462 de
1791 3403 1999 3463 cetero
2064 3418 2331 3461 numero
2389 3397 2598 3461 candi-

311 3506 604 3571 datorum
652 3528 770 3590 pro
817 3510 996 3589 parte
1043 3506 1310 3570 dimidia
1357 3527 1518 3588 quos
1563 3505 1844 3589 populus
1882 3503 2079 3568 uellet
2115 3503 2601 3588 pronuntiaren-

309 3620 440 3695 tur,
495 3635 612 3697 pro
668 3618 852 3698 parte
906 3615 1105 3677 altera
1160 3634 1320 3695 quos
1377 3613 1514 3697 ipse
1572 3612 1863 3675 dedisset.
1958 3615 2022 3675 et
2078 3610 2305 3673 edebat
2359 3631 2475 3693 per
2529 3610 2600 3671 li-

231 3720 513 3783 sobellos
563 3720 803 3783 circum
849 3719 1088 3783 tribum
1137 3719 1366 3782 missos
1415 3719 1730 3801 scriptura
1776 3718 1983 3781 breui:
2044 3715 2317 3779 Caesar
2361 3716 2599 3780 (lieta-

451 3956 480 4001 1
529 3947 770 4001 trecenis
807 3948 1039 4016 Bentley
1183 3953 1214 3999 3
1254 3946 1558 4001 exaduerso
1607 3949 1665 3997 X
1670 3944 1737 4015 ‘Q
1880 3952 1911 3998 5
1967 3945 2027 3997 in
2081 3944 2311 4012 regione
2364 3942 2599 3996 T‘12202

311 4036 342 4082 6
378 4028 582 4082 minori
619 4030 688 4095 T,
737 4044 948 4082 morem
984 4031 1034 4080 Τ
1189 4027 1404 4081 cocleta
1445 4026 1522 4091 G,
1583 4025 1770 4096 cocles
1808 4028 1853 4078 Τ
1894 4025 2087 4095 (eodee
2129 4024 2221 4093 9¹)
2386 4028 2413 4073 ‘1
2454 4023 2597 4075 triae

310 4110 379 4163 M
518 4108 726 4163 classes
767 4108 927 4163 GXo
1073 4112 1138 4161 14
1183 4106 1432 4177 (a)estati
1471 4110 1526 4157 X
1533 4105 1615 4158 11²
1661 4112 1710 4159 et
1738 4122 1879 4173 pars
1916 4106 2032 4158 ecld.
2182 4108 2246 4155 19
2286 4102 2447 4155 nouis
2499 4104 2595 4156 Ur-

309 4190 488 4256 sinus,
545 4188 708 4243 nobis
751 4190 804 4241 ,Ω
966 4193 1033 4239 20
1082 4188 1171 4259 ac]
1220 4190 1278 4241 et
1314 4186 1424 4253 X'Q
1587 4191 1655 4237 25
1704 4188 1928 4237 notatos
1970 4185 2021 4237 G
2185 4182 2463 4235 censor-ios
2510 4181 2596 4245 Y',

309 4284 564 4323 censores
606 4267 679 4323 0²
865 4267 1120 4321 senentis.
1161 4269 1256 4333 M,
1325 4266 1528 4320 seuitia
1567 4265 1795 4319 POST
1852 4272 1901 4318 et
1955 4266 2033 4317 se'c
2074 4279 2178 4331 pro
2226 4281 2278 4317 u.
2328 4262 2361 4315 l.
2402 4278 2467 4314 88.
2518 4260 2597 4315 L²

311 4354 376 4403 26
414 4348 700 4403 comitiam
731 4348 804 4401 M
811 4351 871 4412 δ,
911 4347 1200 4401 comitium
1224 4348 1276 4401 G
1420 4353 1486 4400 28
1525 4346 1980 4399 renuntiarentur
2008 4346 2237 4411 Lipsius
2383 4348 2448 4394 29
2480 4341 2593 4393 edi-

309 4428 484 4483 disset
521 4428 828 4497 Stephanus
981 4430 1038 4480 et
1075 4444 1174 4483 om.
1211 4430 1284 4483 M
1443 4432 1510 4479 30
1550 4426 1751 4493 cuique
1790 4425 1965 4478 tribui
2004 4425 2123 4477 edd.
2155 4425 2311 4477 Rom.
2344 4425 2434 4487 al„
2491 4420 2595 4474 cir-

310 4526 436 4562 cum
471 4508 652 4562 tribus
688 4508 834 4563 aliae
871 4514 1071 4562 ueteres
1100 4510 1272 4577 (uelut
1303 4509 1428 4561 Ven.
1454 4512 1614 4575 1510)
1654 4514 1703 4560 et
1740 4524 1837 4559 rec.
1870 4504 2146 4573 (tributim
2188 4503 2594 4556 circumniissos

308 4590 444 4643 coni.
485 4590 736 4659 Bentley)
