3259 5209
616 422 698 486 10
1279 421 1334 475 C.
1377 420 1691 475 SVETONI
1728 420 2173 485 TRANQVILLI

681 607 829 649 non
865 583 1143 648 Bibulo
1184 584 1544 667 quiddam
1583 605 1824 667 nuper
1864 583 1992 646 sed
2032 580 2353 647 Caesare
2390 583 2677 648 factum
2718 588 2860 647 est:

957 713 1125 755 nam
1171 690 1452 754 Bibulo
1499 689 1684 753 fieri
1733 689 2045 754 consule
2092 690 2203 753 nil
2249 688 2575 753 memini.

543 814 573 862 3
611 820 908 882 campum
973 796 1307 861 Stellatem
1383 796 1735 861 maioribus
1808 802 2247 861 consecratum
2314 817 2669 881 agrumque
2734 794 2919 859 Cam—

610 928 848 989 panum
911 904 989 969 ad
1050 904 1335 969 subsidia
1389 904 1480 968 rei
1539 904 1832 987 publicae
1896 904 2276 989 uectigalem
2338 903 2633 967 relictum
2695 902 2922 966 diuisit

611 1016 792 1076 extra
837 1016 1076 1077 sortem
1123 1011 1205 1075 ad
1250 1010 1487 1095 uiginti
1532 1010 1796 1074 milibus
1834 1010 2093 1093 ciuium,
2142 1010 2375 1093 quibus
2414 1010 2579 1074 terni
2617 1009 2921 1093 pluresue
2976 1034 3011 1073 5

609 1118 798 1183 liberi
861 1123 1088 1183 essent.
1195 1117 1574 1201 publicanos
1641 1118 2083 1181 remissionem
2160 1118 2438 1200 petentis
2501 1118 2693 1179 tertia
2758 1138 2920 1179 mer-

613 1226 838 1289 cedum
904 1231 1086 1310 parte
1150 1224 1465 1289 releuauit
1529 1245 1628 1307 ac,
1694 1246 1775 1288 ne
1840 1225 1909 1287 in
1971 1223 2290 1288 locatione
2344 1244 2663 1287 nouorum
2721 1223 2921 1286 uecti-

612 1332 856 1418 galium
895 1332 1357 1397 inmoderatius
1386 1332 1748 1414 licerentur,
1776 1330 2109 1414 propalam
2149 1330 2418 1394 monuit.
2496 1334 2705 1393 cetera
2743 1331 2919 1411 item,

613 1459 776 1522 quae
822 1441 1051 1522 cuique
1099 1438 1456 1524 libuissent,
1506 1437 1843 1523 dilargitus
1890 1441 1989 1501 est
2034 1441 2256 1501 contra
2294 1437 2547 1501 dicente
2594 1437 2776 1500 nullo
2824 1456 2921 1517 ac,

540 1562 573 1608 4
613 1546 667 1609 si
721 1550 1060 1609 conaretur
1114 1544 1285 1628 quis,
1346 1544 1705 1609 absterrito.
1799 1543 2085 1607 Marcum
2146 1541 2453 1606 Catonem
2510 1541 2923 1625 interpellari·
2952 1568 3009 1607 ιο

611 1656 743 1715 tem
801 1652 1050 1716 extrahi
1108 1652 1286 1715 curia
1338 1673 1455 1735 per
1517 1652 1811 1715 lictorem
1870 1649 2145 1732 ducique
2210 1649 2281 1712 in
2335 1670 2652 1719 carcerem
2710 1649 2915 1712 iussit.

613 1758 812 1821 Lucio
860 1757 1129 1822 Lucullo
1177 1758 1443 1822 liberius
1492 1758 1815 1821 resistenti
1860 1760 2112 1819 tantum
2160 1755 2623 1819 calumniarum
2670 1758 2917 1818 metum

612 1863 860 1948 iniecit,
906 1869 980 1928 ut
1024 1864 1105 1927 ad
1151 1885 1362 1949 genua
1406 1864 1578 1928 ultro
1628 1863 1751 1927 sibi
1800 1863 2129 1928 accideret.
2215 1863 2514 1926 Cicerone
2564 1862 2633 1925 in
2677 1861 2917 1925 iudicio

613 1969 892 2052 quodam
938 1970 1056 2053 <de
1099 1973 1276 2036 domo
1315 1970 1441 2054 41>
1490 1969 1865 2055 deplorante
1911 1976 2273 2053 temporum
2325 1973 2561 2033 statum
2610 1967 2919 2031 Publium

614 2073 910 2140 Clodium
971 2076 1302 2141 inimicum
1369 2076 1534 2159 eius,
1593 2078 1833 2141 frustra
1893 2078 2019 2140 iam
2080 2076 2329 2160 pridem
2392 2100 2429 2139 a
2482 2074 2774 2159 patribus
2836 2075 2918 2137 ad
2952 2098 3003 2139 ιι

612 2181 865 2266 plebem
914 2185 1186 2248 transire
1223 2184 1556 2267 nitentem,
1603 2183 1827 2246 eodem
1867 2184 1969 2246 die
2005 2182 2291 2266 horaque
2328 2204 2499 2246 nona
2534 2180 2915 2245 transduxit.

543 2306 574 2351 5
612 2292 942 2371 postremo
973 2291 1039 2352 in
1069 2292 1403 2354 uniuersos
1434 2290 1722 2353 diuersae
1751 2290 2055 2353 factionis
2076 2290 2393 2372 <indicem
2425 2339 2439 2352 .
2460 2340 2473 2353 .
2495 2290 2551 2370 .>
2581 2289 2915 2352 inductum

612 2396 942 2478 praemiis,
1009 2400 1082 2460 ut
1141 2418 1207 2459 se
1270 2396 1344 2460 de
1412 2396 1742 2460 inferenda
1807 2395 2119 2480 Pompeio
2184 2417 2338 2461 nece
2404 2394 2821 2459 sollicitatum
2881 2418 2919 2457 a

614 2500 996 2585 quibusdam
1054 2502 1466 2588 profiteretur
1522 2502 2003 2586 productusque
2059 2525 2174 2585 pro
2222 2502 2448 2567 rostris
2496 2505 2789 2565 auctores
2836 2524 2917 2564 ex

615 2612 926 2691 conpacto
983 2610 1374 2693 nominaret3
1442 2609 1552 2674 sed
1607 2632 1736 2673 uno
1796 2613 1986 2691 atque
2043 2611 2245 2672 altero
2298 2610 2540 2672 frustra
2601 2629 2719 2671 nec
2780 2608 2915 2671 sine
2948 2634 3004 2673 so

614 2715 980 2798 suspicione
1017 2716 1262 2780 fraudis
1309 2716 1659 2780 nominatis
1696 2716 2039 2800 desperans
2082 2722 2211 2779 tam
2251 2716 2623 2799 praecipitis
2662 2713 2917 2778 consilii

613 2824 916 2885 euentum
963 2822 1382 2906 intercepisse
1428 2844 1678 2886 ueneno
1727 2821 2001 2887 indicem
2052 2822 2345 2886 creditur.

510 2924 591 2990 21
756 2938 767 2946 ‘
799 2927 932 2992 Sub
971 2928 1140 2993 idem
1179 2935 1436 3012 tempus
1475 2928 1885 3012 Calpurniam
1926 2926 1995 2991 L.
2026 2928 2281 2992 Pisonis
2318 2927 2519 2992 filiam
2559 2927 2914 2992 successuri

615 3034 738 3098 sibi
809 3035 874 3097 in
949 3038 1286 3100 consulatu
1360 3035 1545 3099 duxit
1619 3056 1886 3098 uxorem
1960 3057 2294 3118 suamque,
2366 3033 2624 3117 Iuliam,
2700 3032 2913 3099 Gnaeo

616 3139 923 3224 Pompeio
996 3142 1359 3206 conlocauit
1428 3141 1763 3225 repudiato
1833 3144 2047 3225 priore
2118 3163 2355 3225 sponso
2422 3140 2697 3205 Seruilio
2763 3138 2914 3204 Cae·
2945 3166 2999 3207 ιε

613 3248 824 3331 Pione,
882 3248 1063 3313 cuius
1119 3249 1224 3312 uel
1280 3250 1625 3333 praecipua
1682 3271 1877 3333 opera
1930 3248 2125 3333 paulo
2184 3252 2330 3312 ante
2376 3247 2683 3312 Bibulum
2735 3248 2915 3330 inpu-

615 3359 938 3439 gnauerat.
1033 3376 1105 3418 ac
1176 3360 1326 3439 post
1396 3377 1629 3419 nouam
1708 3355 2103 3418 adfinitatem
2179 3354 2560 3438 Pompeium
2631 3354 2913 3438 primum

613 3481 840 3543 rogare
924 3462 1306 3525 sententiam
1391 3462 1628 3545 coepit,
1714 3484 1859 3525 cum
1936 3460 2233 3525 Crassum
2317 3461 2553 3525 soleret
2624 3464 2917 3543 essetque

615 3567 1040 3645 consuetudo,
1097 3570 1172 3631 ut
1218 3589 1408 3650 quem
1457 3568 1745 3631 ordinem
1803 3567 2239 3652 interrogandi
2294 3567 2640 3631 sententias
2690 3569 2916 3631 consul

615 3670 756 3735 Kal.
796 3670 1108 3737 Ianuariis
1159 3672 1562 3755 instituisset,
1609 3695 1754 3736 eum
1804 3677 1942 3737 toto
1992 3695 2157 3737 anno
2206 3676 2626 3736 conseruaret.
2942 3700 2999 3740 so

613 3782 911 3789 ———
932 3784 1040 3789 ———

763 3836 788 3881 1
831 3830 1102 3898 quiddam
1144 3831 1217 3883 M
1227 3830 1278 3883 G
1300 3831 1462 3884 VLS
1477 3834 1524 3883 ‘I'
1567 3833 1650 3899 (in
1690 3832 1763 3884 M
1796 3829 1833 3881 d
1875 3831 2035 3897 prior
2072 3847 2167 3895 sa,
2215 3831 2341 3884 item
2379 3831 2442 3883 in
2480 3832 2555 3901 ε),
2612 3830 2915 3897 quiequam

614 3908 727 3961 Po
745 3909 811 3974 T,
869 3909 1179 3978 quidquam
1219 3926 1252 3968 ς
1299 3916 1350 3963 et
1384 3912 1498 3976 fere
1535 3910 1653 3963 edd.
1802 3916 1833 3963 2
1871 3910 2015 3963 nihil
2057 3911 2132 3963 Μ
2272 3916 2301 3963 3
2342 3910 2632 3963 stellatum
2678 3908 2829 3963 T‘P’
2844 3909 2915 3964 0²

615 3994 646 4041 ὃ
687 3988 763 4041 ad
801 3988 1054 4053 Casaub„
1092 4004 1159 4041 ac
1189 3992 1240 4040 Ω
1386 3994 1418 4042 8
1459 3988 1794 4041 ducerentur
1821 3994 1887 4055 X,
1926 3992 2219 4043 uterentur
2255 3998 2303 4044 et
2332 4008 2400 4046 ss.
2432 3990 2463 4043 1¹
2499 3990 2853 4044 licitarentur
2884 4010 2915 4057 ρ

614 4076 646 4121 9
667 4067 930 4123 libuisset
950 4069 1198 4138 Bentley,
1221 4069 1294 4121 M
1293 4070 1457 4139 adviq
1596 4074 1663 4121 10
1683 4069 1958 4140 Marcum]
1980 4070 2052 4123 M.
2077 4069 2154 4121 X‘
2174 4072 2306 4138 (ozon
2330 4072 2400 4139 T)
2538 4078 2605 4123 14
2625 4069 2915 4140 Publium]

615 4149 673 4203 P.
713 4145 787 4201 X'
938 4153 1002 4201 17
1041 4148 1336 4201 inductum
1364 4152 1442 4215 Ω,
1485 4148 1778 4202 inductum
1808 4150 2088 4217 quendam
2120 4168 2178 4216 ς,
2217 4151 2441 4204 induxit
2468 4152 2791 4219 Stephanus,
2828 4151 2912 4203 in-

615 4229 778 4282 duxit
814 4228 1068 4282 Vettium
1117 4228 1379 4295 Ursinus,
1426 4229 1682 4282 Vettium
1729 4229 2062 4283 subornasse
2110 4232 2218 4299 (uel
2255 4230 2573 4300 immisisse)
2620 4230 2915 4283 inductum

619 4309 776 4374 Oud„
813 4308 1060 4362 indicem
1089 4309 1421 4363 subornauit
1433 4308 1688 4362 Vettium
1714 4310 2006 4363 inductum
2038 4311 2185 4363 Roth
2332 4316 2396 4363 19
2424 4310 2839 4380 productosque
2864 4310 2915 4363 G

615 4394 682 4442 20
716 4388 816 4441 sed
844 4389 943 4442 del.
975 4391 1125 4443 Torr.
1256 4396 1323 4443 24
1345 4388 1698 4443 consulatum
1719 4394 1777 4443 X
1790 4391 1994 4459 (Oua),
2031 4392 2099 4455 cf.
2123 4408 2181 4459 p.
2208 4396 2293 4455 15,
2314 4395 2385 4444 19
2523 4396 2589 4442 26
2610 4390 2845 4443 biduum
2870 4390 2922 4442 V

614 4476 682 4536 28
712 4469 904 4523 sileret
935 4471 1005 4525 M
1009 4470 1030 4501 ²
1041 4470 1234 4524 L¹PO
1270 4470 1326 4537 (i.
1366 4473 1581 4524 taceret
1615 4469 1710 4524 uel
1739 4469 1944 4523 soleret
1980 4470 2325 4540 interrogare
2362 4470 2625 4538 primitus
2663 4486 2915 4523 crassum

614 4550 789 4605 adscr.
831 4551 902 4603 M
907 4550 944 4617 ²,
983 4550 1212 4603 Crassus
1251 4550 1441 4603 sileret
1479 4552 1534 4620 ὃ)
1680 4556 1747 4603 29
1788 4550 1982 4603 consul
2010 4556 2139 4619 post
2174 4549 2452 4603 Ianuariis
2492 4552 2669 4605 colloc.
2711 4554 2769 4603 X
2770 4548 2785 4567 ‘
