3259 5209
647 473 779 538 320
1350 473 1407 530 c,
1448 473 1762 529 svamm
1799 473 2246 562 TRANQVILRI

648 637 995 702 adiuuaret.
1078 636 1273 701 dabat
1320 638 1488 701 sicut
1528 635 1978 700 Saturnalibus
2026 639 2186 702 uiris
2233 636 2652 722 apophoreta,-
2697 639 2786 701 ita
2833 659 2958 722 per

647 744 793 808 Kal.
822 743 1009 808 Mart.
1038 745 1314 808 feminis.
1400 748 1464 807 et
1509 747 1722 808 tamen
1772 765 1853 807 ne
1899 745 1992 808 sic
2028 743 2286 827 quidem
2327 745 2600 828 pristina
2637 745 2960 828 cupidita-

579 867 611 915 2
648 853 734 916 tis
782 850 1045 915 infamia
1094 853 1313 915 caruit.
1396 850 1818 914 Alexandrini
1867 848 2301 934 Cybiosacten
2346 873 2492 915 eum
2541 872 2773 915 uocare
2811 873 2958 934 per-

648 962 1122 1041 seuerauerunt,
1179 957 1560 1044 cog-nomine
1618 958 1814 1022 unius
1859 979 1893 1020 e
1939 956 2201 1044 regibus
2249 957 2382 1022 suis
2427 959 2960 1042 turpissimarum

650 1064 954 1130 sordium.
1047 1065 1157 1128 sed
1205 1068 1269 1129 et
1314 1066 1383 1128 in
1428 1064 1652 1128 funere
1702 1062 1911 1128 Fauor
1959 1063 2375 1128 archimimus
2422 1086 2764 1148 personam
2811 1065 2958 1128 eius

649 1171 861 1236 ferens
908 1172 1316 1253 imitansque,
1372 1173 1445 1233 ut
1492 1174 1587 1234 est
1637 1191 1797 1252 moa,
1843 1169 2014 1233 facta
2059 1191 2133 1234 ac
2179 1169 2351 1234 dicta
2397 1171 2554 1252 uiui,
2599 1170 2962 1257 interroga-

649 1279 737 1342 tis
791 1279 1005 1361 palam
1061 1276 1614 1361 procuratoribu8‚
1672 1277 1898 1359 quanti
1953 1277 2148 1340 funus
2205 1280 2268 1339 et
2323 1298 2563 1359 pompa
2608 1281 2962 1359 constaret,

650 1389 724 1449 ut
782 1385 965 1448 audit
1023 1385 1467 1447 sestertium
1533 1385 1906 1464 centiens,
1971 1383 2382 1465 exclamauit,
2447 1387 2746 1448 centum
2799 1383 2958 1447 sibi

652 1493 1017 1556 sestertia
1061 1491 1330 1554 darent
1376 1511 1457 1553 ac
1504 1511 1579 1554 se
1627 1490 1750 1553 uel
1798 1491 1872 1552 in
1919 1489 2252 1553 Tiberim
2305 1490 2762 1573 proicerent.

545 1591 635 1658 20
833 1596 1095 1661 Statura
1123 1597 1247 1662 fuit
1276 1596 1606 1680 quadrata,
1653 1598 2003 1680 compactis
2033 1597 2371 1679 firmisque
2399 1597 2724 1680 membriS‚
2761 1595 2962 1660 uultu

650 1706 858 1768 ueluti
905 1705 1195 1788 nitentis3
1262 1704 1339 1766 de
1387 1725 1514 1786 quo
1573 1702 1832 1786 quidam
1881 1702 2274 1768 urbanorum
2330 1724 2460 1766 non
2507 1703 2807 1786 infacete,
2873 1705 2963 1767 si-

653 1810 913 1894 quidem
967 1810 1239 1894 petenti,
1292 1814 1370 1873 ut
1414 1815 1478 1873 et
1525 1810 1593 1872 in
1639 1831 1706 1872 se
1752 1809 1997 1892 aliquid
2045 1809 2314 1874 diceret:
2379 1809 2650 1891 dicam,
2714 1810 2963 1892 inquit,

655 1939 817 1981 cum
854 1921 1197 1980 uentrem
1237 1937 1666 1980 exonerare
1707 1915 2045 1980 desieris.
2130 1915 2484 1979 ualitudine
2521 1917 2964 2000 prosperrima

652 2047 805 2088 usus
853 2027 967 2106 est,
1014 2005 1311 2105 quamuis
1348 2021 1427 2085 ad
1465 2021 1770 2087 tuendam
1809 2043 1948 2084 eam
1985 2021 2152 2085 nihil
2190 2022 2469 2105 amplius
2508 2044 2698 2106 quam
2735 2023 2964 2087 fauces

652 2135 988 2214 ceteraque
1038 2128 1320 2193 membra
1367 2127 1629 2192 sibimet
1675 2127 1755 2191 ad
1792 2150 2126 2192 numerum
2167 2128 2236 2192 in
2273 2129 2725 2211 sphaeristerio
2763 2128 2964 2192 defri—

654 2240 824 2300 caret
868 2236 1273 2319 inediamque
1318 2236 1509 2297 unius
1557 2235 1684 2298 diei
1729 2255 1844 2317 per
1881 2234 2172 2318 singulos
2209 2257 2460 2299 menses
2498 2236 2962 2317 interponeret.

548 2336 637 2402 21
833 2341 1135 2406 Ordinem
1184 2342 1355 2404 uitae
1400 2340 1575 2404 hunc
1620 2340 1752 2404 fere
1801 2341 2023 2404 tenuit.
2107 2340 2175 2403 in
2223 2342 2590 2424 principatu
2637 2343 2962 2404 maturius

654 2471 905 2532 semper
964 2469 1040 2512 ac
1098 2448 1175 2510 de
1229 2452 1416 2512 nocte
1476 2445 1821 2532 uigilabat3
1886 2447 2031 2510 dein
2095 2445 2392 2530 perlectis
2452 2446 2748 2531 epistulis
2813 2448 2962 2512 offi-

655 2557 1027 2637 ciorumque
1066 2555 1351 2618 omnium
1400 2554 1755 2637 breuiariiS‚
1802 2554 2042 2617 amicos
2089 2553 2490 2636 admittebat,
2537 2576 2612 2618 ac
2657 2555 2810 2618 dum
2861 2577 2964 2619 sa-

583 2743 590 2750 ·
652 2660 1009 2744 lutabatur,
1066 2665 1130 2724 et
1185 2659 1497 2724 calciabat
1552 2661 1689 2743 ipse
1746 2682 1812 2722 se
1869 2663 1932 2722 et
1987 2661 2360 2744 amiciebat3
2419 2665 2694 2745 postque
2742 2660 2962 2724 decisa

656 2789 1092 2852 quaecumque
1168 2766 1581 2831 obuenissent
1654 2767 1918 2851 negotia
1999 2768 2349 2852 gestationi
2413 2771 2477 2831 et
2539 2767 2686 2830 inde
2751 2768 2962 2849 quieti

653 2875 942 2957 uacabat,
1000 2874 1350 2938 accubante
1396 2874 1615 2956 aliqua
1662 2874 2081 2956 pallacarum,
2138 2895 2299 2956 quas
2354 2875 2423 2937 in
2468 2875 2684 2937 locum
2733 2873 2962 2938 defun-

801 3039 826 3085 1
890 3033 1063 3087 Glosa
1106 3031 1257 3101 Very.
1298 3030 1451 3084 Seru.
1490 3029 1570 3082 ed.
1604 3029 1806 3099 Hayen
1843 3031 1953 3082 III
1972 3033 2009 3082 2
2053 3047 2106 3098 p.
2147 3033 2256 3084 529
2305 3028 2654 3098 apophoreta
2701 3029 2958 3085 uascula.

656 3112 953 3167 Suetonius
990 3112 1051 3164 in
1078 3111 1127 3164 X
1158 3111 1227 3164 de
1256 3109 1358 3163 XII
1386 3108 1742 3163 Caesaribus:
1785 3109 1962 3163 dabat
1991 3109 2382 3163 Saturnalibus
2419 3109 2558 3162 uiris
2589 3109 2960 3178 apophoreta,

654 3194 738 3246 ita
782 3209 884 3262 per
920 3191 1008 3245 Kl.
1038 3192 1271 3245 Martias
1320 3189 1560 3244 feminis.
1761 3195 1826 3243 17
1885 3191 2038 3258 Epit.
2080 3195 2132 3253 9,
2165 3196 2231 3244 15
2278 3190 2616 3244 institutum.
2649 3207 2782 3244 uero
2831 3190 2960 3243 uni-

652 3274 829 3327 forme
868 3273 1021 3325 omni
1058 3271 1294 3339 imperio
1331 3271 1531 3323 tenuit.
1606 3269 1847 3338 uigilare
1887 3270 1956 3323 de
1993 3274 2158 3323 nocte
2204 3269 2558 3338 publicisque
2597 3269 2818 3323 actibus
2857 3271 2960 3324 ab·

654 3352 853 3407 solutis
893 3369 1051 3406 caros
1088 3351 1413 3415 admittere,
1462 3350 1593 3402 dum
1635 3349 1915 3403 salutatur
1959 3348 2345 3403 calceamenta
2383 3365 2604 3403 sumens
2641 3353 2700 3402 et
2735 3350 2964 3419 regium

652 3433 937 3486 uestitum.
1014 3435 1144 3499 post
1188 3433 1377 3483 autem
1422 3430 1690 3499 negotiis,
1744 3446 2129 3496 quaecumque
2175 3431 2561 3494 aduenissent,
2611 3429 2826 3483 auditis
2863 3447 2959 3483 ex·

656 3512 829 3566 erceri
865 3512 1201 3574 uectatione,
1244 3510 1447 3563 deinde
1484 3510 1852 3577 requiescere,
1890 3513 2174 3578 postremo
2211 3510 2311 3562 ubi
2348 3509 2598 3574 lauisset,
2635 3510 2962 3565 remissiore

656 3591 843 3644 animo
869 3591 1193 3643 conuiuium
1216 3589 1467 3643 curabat.
1518 3591 1796 3644 Einhard.
1813 3593 1883 3643 21
1907 3607 2032 3642 cum
2054 3588 2388 3644 calciaretur
2408 3593 2465 3644 et
2485 3590 2823 3654 amiciretur,
2843 3605 2962 3643 non

654 3673 883 3724 tantum
927 3670 1135 3722 amicos
1184 3669 1547 3737 admittebat,
1594 3685 1792 3722 uerum
1839 3669 2038 3735 etiam,
2087 3669 2134 3722 si
2181 3687 2367 3724 comes
2405 3668 2610 3738 palatii
2655 3669 2816 3723 litem
2853 3669 2958 3722 ali-

655 3767 825 3818 quam
863 3767 983 3804 esse
1022 3750 1258 3816 diceret,
1316 3765 1461 3817 quae
1499 3750 1619 3802 sine
1659 3750 1780 3802 eius
1825 3749 1982 3802 iussu
2029 3749 2248 3803 definiri
2294 3767 2406 3804 non
2453 3752 2670 3817 posset,
2710 3791 2721 3802 .
2756 3793 2766 3802 .
2800 3793 2811 3804 .
2851 3747 2960 3803 lite

657 3831 885 3900 cognita
923 3830 1259 3883 sententiam
1301 3829 1459 3884 dixit.

800 3979 830 4026 2
879 3989 981 4026 nec
1028 3972 1076 4025 si
1117 3973 1212 4038 M,
1268 3988 1369 4024 nec
1410 3971 1489 4024 sic
1526 3972 1623 4026 ST
1799 3972 2040 4039 pristina
2083 3973 2194 4038 Ge,
2250 3971 2493 4040 pistrina
2531 3971 2625 4036 M,
2683 3969 2961 4038 pristinae

656 4057 763 4124 (uel
800 4056 915 4122 -ne)
956 4055 1063 4105 ΧΤ
1096 4053 1291 4122 (uuly.)
1525 4057 1557 4105 3
1596 4051 1968 4119 Cybiosacten
2014 4053 2165 4106 Torr.
2205 4069 2232 4105 e
2268 4051 2551 4116 Strabone,
2590 4050 2960 4118 cybiotanten

654 4135 851 4203 (cibio-
889 4135 955 4200 S)
997 4132 1323 4197 MGL¹PS‚
1365 4131 1691 4200 cybiotante
1731 4131 1928 4200 (cibio-
1975 4133 2033 4198 T,
2081 4131 2232 4186 cibo·
2271 4131 2398 4200 HQ)
2443 4129 2628 4185 ‘PL’T
2769 4135 2801 4182 4
2840 4130 2963 4184 suis

654 4232 754 4270 om.
788 4215 840 4269 G
969 4220 999 4266 5
1030 4212 1163 4266 fauo
1200 4215 1247 4266 Τ
1371 4217 1401 4263 6
1440 4212 1720 4279 iontansq:
1753 4213 1840 4277 M,
1877 4213 2006 4266 inde
2034 4209 2286 4264 ioculans
2315 4211 2403 4264 uel
2429 4209 2621 4264 iocans
2651 4209 2886 4279 Bentley

653 4311 775 4348 mos
814 4298 900 4347 est
932 4294 1042 4348 GP
1208 4290 1317 4344 uiri
1352 4294 1402 4345 Τ
1568 4297 1599 4344 8
1639 4291 1823 4344 audiit
1856 4292 1962 4346 GT
2129 4291 2386 4345 sestertio
2421 4291 2468 4344 I.
2491 4289 2560 4344 F.
2587 4289 2848 4355 Gronov„
2885 4291 2955 4356 cf.

652 4376 763 4429 Iul.
795 4379 868 4428 50
895 4391 955 4443 p.
985 4377 1167 4440 26,24
1332 4377 1395 4424 11
1434 4371 1631 4424 nitidis
1671 4370 1894 4440 (H¹?)Q
2054 4371 2123 4425 de
2160 4371 2294 4442 quo]
2331 4370 2481 4425 unde
2519 4371 2580 4422 Π
2613 4367 2700 4438 (ai‘
2737 4368 2807 4423 de
2845 4385 2962 4439 quo

652 4471 721 4509 ss.
751 4471 819 4507 m.
849 4457 923 4522 2),
971 4452 1041 4506 de
1083 4453 1129 4522 Q
1270 4451 1636 4506 urbaniorum
1678 4452 1806 4506 MR
1845 4452 2116 4520 (Bentley,
2162 4452 2231 4517 cf.
2273 4453 2382 4504 Iul.
2411 4451 2507 4520 20)
2653 4448 2707 4502 ei
2741 4466 2845 4517 pro
2883 4449 2960 4503 si-

654 4533 883 4602 quidem
910 4533 1108 4586 Burm.
1222 4538 1287 4585 14
1316 4531 1459 4584 nihil
1488 4548 1589 4586 om.
1623 4532 1676 4586 G
1786 4537 1848 4585 17
1879 4547 2010 4584 uere
2043 4531 2095 4585 G
2207 4537 2272 4584 18
2310 4529 2624 4600 euigilabat
2655 4529 2962 4596 θναευίαες

654 4616 723 4680 cf.
763 4616 939 4668 testim
983 4629 1175 4680 supra,
1212 4615 1359 4683 Any.
1394 4617 1464 4666 78
1503 4611 1699 4666 Claud.
1727 4615 1799 4665 33
1946 4616 2011 4663 19
2051 4609 2330 4664 salutatur
2367 4611 2514 4665 Roth
2549 4626 2616 4664 ex
2643 4609 2800 4680 Epit.

2997 1625 3062 1665 1⁰

2999 2159 3060 2198 1⁵
