3259 5209
606 416 691 480 98
1302 414 1357 470 C.
1400 416 1718 471 SVETONI
1752 414 2202 481 TRANQVILLI

606 584 743 643 erat
804 584 996 662 atque
1056 579 1343 665 uulgaris
1403 580 1553 645 fere.
1643 580 2088 645 secundarium
2148 600 2378 662 panem
2441 582 2510 643 et
2565 579 2914 663 pisciculos

608 686 895 751 minutos
953 691 1016 751 et
1069 708 1321 751 caseum
1391 686 1686 751 bibulum
1741 708 1935 751 manu
1991 708 2283 772 pressum
2339 690 2405 751 et
2459 686 2616 749 ficos
2672 684 2914 749 uirides

608 793 843 858 biferas
891 794 1170 857 maxime
1216 794 1584 877 appetebat3
1631 794 2136 878 uescebaturque
2161 797 2248 857 ‘et
2293 797 2440 857 ante
2483 814 2706 857 cenam
2754 813 2913 876 quo—

608 922 881 983 cumque
930 906 1219 984 tempore
1265 905 1331 963 et
1374 902 1517 964 loco
1528 948 1545 978 ,
1598 922 1729 985 quo
1777 901 2148 966 stomachus
2195 899 2630 965 desiderasset.
2713 897 2918 961 uerba

608 1006 811 1091 ipsius
860 1030 937 1070 ex
987 1008 1283 1091 epistulis
1329 1011 1507 1071 sunt:
1562 1029 1702 1071 nos
1749 1008 1826 1071 in
1873 1007 2138 1072 essedo
2187 1028 2452 1090 panem
2501 1010 2576 1071 et
2619 1007 2916 1090 palmu·
2967 1030 2995 1071 s

533 1128 564 1174 2
604 1113 715 1177 las
778 1114 1277 1199 gustauimus.
1376 1118 1440 1178 et
1495 1114 1756 1178 iterum:
1816 1115 1984 1178 dum
2045 1114 2324 1179 lectica
2378 1135 2463 1177 ex
2519 1113 2736 1197 regia
2781 1112 2912 1175 do-

606 1241 799 1284 mum
861 1219 1115 1298 reden,
1188 1222 1408 1303 panis
1478 1223 1778 1285 unciam
1847 1242 2010 1285 cum
2079 1220 2349 1304 paucis
2407 1220 2652 1283 acinis
2713 1239 2912 1282 uuae

603 1325 1015 1391 duracinae
1073 1328 1383 1393 comedi.
1478 1333 1543 1392 et
1598 1349 1843 1392 rursus:
1900 1350 1989 1391 ne
2044 1325 2370 1391 Iudaeus
2421 1324 2752 1409 quidem,
2807 1326 2910 1389 mi

602 1430 894 1516 Tiberi,
940 1438 1091 1498 tam
1132 1434 1555 1518 diligenter
1594 1434 1939 1499 sabbatis
1977 1434 2352 1497 ieiunium
2389 1435 2649 1497 seruat
2684 1453 2906 1514 quam

602 1561 741 1625 ego
788 1540 1015 1604 hodie
1064 1540 1398 1622 seruaui,
1446 1542 1573 1625 qui
1622 1542 1699 1605 in
1743 1526 2052 1605 balineo
2099 1540 2393 1606 demum
2431 1543 2608 1623 post
2645 1537 2908 1602 horam
2939 1564 2994 1605 ιο

600 1647 917 1729 primam
984 1649 1239 1712 noctis
1306 1647 1491 1712 duas
1553 1648 1829 1712 buccas
1891 1648 2347 1713 manducaui
2407 1647 2624 1730 prius
2675 1668 2904 1733 'quam

600 1754 841 1838 ungui
897 1754 1333 1838 inciperem.
1419 1777 1499 1819 ex
1554 1756 1678 1819 hac
1730 1754 2212 1819 inobseruantia
2265 1775 2750 1835 nonnumquam
2801 1752 2910 1815 uel

603 1864 751 1923 ante
819 1861 1053 1924 initum
1118 1862 1223 1925 uel
1290 1865 1441 1944 post
1506 1862 1838 1925 dimissum
1903 1861 2278 1925 conuiuium
2335 1861 2510 1925 solus
2565 1859 2908 1939 cenitabat,

498 1962 584 2027 77
606 1988 747 2030 cum
798 1968 991 2050 pleno
1041 1968 1341 2032 conuiuio
1390 1968 1554 2032 nihil
1610 1971 1918 2053 tangeret.
2004 1967 2143 2031 uini
2189 1988 2446 2050 quoque
2491 1970 2721 2030 natura
2765 1986 2909 2049 par-

600 2074 897 2138 cissimus
959 2078 1110 2138 erat.
1212 2096 1343 2137 non
1402 2075 1680 2158 amplius
1743 2079 1841 2138 ter
1900 2074 2120 2139 bibere
2179 2097 2327 2138 eum
2389 2072 2652 2137 solitum
2713 2094 2910 2156 super
2937 2096 2990 2139 ιο

600 2202 820 2244 cenam
897 2181 964 2243 in
1038 2182 1263 2245 castris
1336 2181 1507 2264 apud
1580 2181 1930 2264 Mutinam,
2005 2179 2342 2245 Cornelius
2405 2178 2627 2264 Nepos
2689 2179 2907 2243 tradit.

598 2292 825 2370 postea
879 2289 1175 2369 quotiens
1230 2288 1593 2373 largissime
1651 2310 1718 2353 se
1774 2289 2104 2371 inuitaret,
2159 2309 2346 2351 senos
2403 2290 2728 2351 sextantes
2773 2306 2908 2350 non

600 2392 901 2473 excessit,
966 2399 1078 2457 aut
1125 2395 1179 2457 si
1235 2395 1637 2478 excessisset,
1691 2395 2010 2459 reiciebat.
2094 2400 2159 2459 et
2215 2394 2492 2458 maxime
2550 2394 2906 2459 delectatus

600 2504 699 2563 est
744 2498 1013 2565 Raetico
1068 2523 1275 2584 neque
1321 2504 1560 2565 temere
1617 2502 1897 2566 interdiu
1956 2502 2136 2565 bibit.
2219 2523 2339 2585 pro
2385 2502 2650 2585 potione
2695 2522 2906 2565 sume-

601 2605 712 2669 bat
758 2608 1091 2690 perfusum
1139 2629 1304 2690 aqua
1349 2607 1585 2694 frigida
1631 2630 1863 2692 panem
1911 2613 2021 2672 aut
2069 2609 2425 2673 cucumeris
2472 2608 2748 2671 frustum
2796 2608 2904 2670 uel
2933 2630 2986 2670 ιο

598 2714 955 2777 lactuculae
983 2714 1277 2797 thyrsum
1308 2718 1420 2777 aut
1456 2737 1678 2780 recens
1717 2715 2049 2779 aridumue
2077 2737 2344 2799 pomum
2376 2715 2511 2779 suci
2540 2714 2904 2779 uinosioriS.

497 2813 535 2877 7
545 2815 586 2879 8
778 2819 937 2884 Post
982 2820 1197 2885 cibum
1236 2821 1680 2903 meridianum,
1727 2822 1817 2885 ita
1855 2826 1930 2885 ut
1967 2822 2238 2885 uestitus
2278 2822 2710 2905 calciatusque
2747 2823 2904 2903 erat,

599 2928 856 2991 retectis
913 2928 1186 3010 pedibus
1241 2928 1569 3012 paulisper
1635 2928 2131 3010 conquiescebat
2186 2928 2488 3012 opposita
2543 2928 2623 2991 ad
2679 2928 2902 2992 oculos

599 3057 809 3099 manu.
917 3058 955 3098 a
1021 3056 1175 3098 cena
1240 3036 1309 3099 in
1381 3035 1746 3100 lecticulam
1812 3056 1878 3098 se
1951 3034 2452 3098 lucubratoriam
2523 3032 2901 3117 recipiebat3

598 3139 707 3223 ibi,
746 3140 946 3205 donec
981 3140 1236 3205 residua
1274 3141 1487 3204 diurni
1524 3145 1705 3204 actus
1745 3146 1858 3205 aut
1896 3144 2112 3206 omnia
2149 3146 2258 3205 aut
2297 3164 2374 3205 ex
2412 3142 2692 3205 maxima
2719 3145 2902 3225 parte
2929 3162 2983 3203 π

745 3338 808 3385 14
851 3350 901 3387 ιι.
933 3334 1008 3387 ad
1042 3350 1095 3401 p.
1120 3337 1301 3399 97,25
1434 3339 1496 3385 19
1511 3352 1629 3401 sqq.
1673 3334 1949 3387 Einhard.
1985 3338 2050 3386 14
2091 3337 2306 3387 aestate
2343 3337 2472 3403 post
2509 3333 2696 3387 cibum
2735 3333 2899 3387 meri-

600 3411 831 3464 dianum
870 3429 1161 3481 pomorum
1201 3411 1419 3480 aliquid
1458 3430 1680 3467 sumens
1721 3430 1786 3466 ac
1816 3413 1985 3467 semel
2026 3413 2225 3467 bibens
2257 3414 2530 3483 depositis
2557 3413 2813 3466 uestibus
2841 3414 2900 3466 et

601 3491 1003 3558 calciamentiS,
1043 3491 1201 3546 uelut
1238 3496 1409 3546 noctu
1449 3491 1648 3546 solitus
1687 3497 1825 3559 crat,
1865 3493 2085 3546 duabus
2124 3498 2224 3548 aut
2255 3495 2436 3547 tribus
2466 3494 2618 3547 horis
2647 3492 2896 3561 quiesce·

602 3572 715 3625 bat.
784 3572 1043 3625 noctibus
1075 3572 1153 3625 sic
1194 3572 1526 3637 dormiebat,
1568 3577 1631 3626 ut
1662 3591 1914 3626 somnum
1945 3578 2146 3641 quater
2174 3576 2273 3627 aut
2301 3574 2640 3642 quinquiens
2671 3591 2780 3626 non
2811 3590 2894 3626 so-

598 3650 715 3705 lum
756 3653 1190 3721 expergiscendo
1232 3653 1331 3705 scd
1368 3654 1541 3706 etiam
1578 3654 1930 3722 desurgendo
1969 3653 2414 3723 interrumperet.

742 3830 767 3873 1
812 3824 972 3875 erant
1005 3824 1079 3875 M
1218 3828 1248 3875 2
1288 3820 1545 3874 bibulum
1576 3825 1627 3875 Ω
1659 3824 1842 3876 (etiam
1874 3823 1938 3875 H
1971 3828 2016 3877 et
2048 3823 2357 3891 Scires-beta),
2394 3822 2668 3876 bubalum
2699 3826 2755 3875 et
2789 3824 2896 3887 Τς,

598 3900 874 3954 bubulum
904 3920 937 3961 ς
967 3909 1016 3956 et
1043 3902 1162 3955 edd.
1309 3902 1411 3955 fico
1446 3904 1506 3968 V,
1544 3904 1680 3955 ficus
1707 3904 1830 3957 GX
1973 3908 2003 3955 3
2044 3907 2102 3956 et
2130 3920 2230 3957 om.
2253 3904 2319 3955 H
2458 3910 2491 3956 4
2530 3904 2612 3974 et]
2641 3919 2752 3971 quo
2774 3906 2830 3954 X

596 3999 705 4049 quo
737 3998 835 4035 om.
860 3982 939 4046 H,
976 3983 1075 4035 dcl.
1099 3983 1383 4052 Egnatius
1410 3984 1615 4051 aliique
1744 3990 1774 4037 5
1806 4000 1872 4036 ex
1901 4002 2000 4037 om.
2029 3986 2080 4037 V
2207 3989 2237 4034 8
2276 4000 2345 4036 ne
2376 4000 2476 4037 om.
2510 3984 2561 4035 V
2691 3987 2721 4033 9
2751 3983 2896 4053 tam]

596 4062 709 4115 iam
752 4062 803 4117 G
950 4068 1015 4114 10
1062 4062 1264 4116 balneo
1307 4062 1674 4117 M’HGXH
1814 4064 2036 4116 demum
2085 4082 2184 4116 om.
2224 4064 2294 4115 H
2437 4069 2498 4115 11
2548 4062 2756 4116 buceas
2795 4063 2896 4128 ΠΙ,

595 4143 833 4196 bucceas
872 4142 1021 4198 11²R
1058 4142 1239 4210 (edd),
1284 4143 1553 4196 buccatas
1590 4144 1658 4195 H
1801 4150 1865 4196 12
1905 4143 2266 4196 obseruantia
2306 4146 2421 4197 PT
2565 4148 2630 4196 13
2667 4142 2894 4196 initium

598 4226 669 4277 M
684 4225 839 4277 VSH
976 4222 1254 4277 cinitabat
1286 4226 1380 4287 ΙΙΙ,
1418 4224 1541 4276 ceni
1572 4223 1748 4277 dabat
1781 4224 1830 4277 G
1978 4230 2041 4277 15
2083 4221 2312 4276 solitum
2340 4242 2440 4278 om.
2475 4224 2526 4277 G
2675 4228 2738 4277 19
2770 4240 2898 4292 pro-

594 4303 875 4372 positione
924 4303 1187 4357 sumabat
1226 4303 1404 4366 ‹j-ebat,
1445 4305 1558 4372 Μ’)
1601 4305 1735 4358 MG
1881 4310 1947 4357 20
1987 4304 2157 4374 aqua]
2205 4304 2264 4357 in
2303 4320 2415 4371 qua
2457 4304 2508 4357 G
2649 4303 2896 4357 fructum

600 4385 721 4438 GH
734 4386 778 4454 Q
941 4390 1005 4437 *21
1057 4382 1361 4438 lactucula”
1410 4385 1700 4451 ethyrsum
1747 4388 1792 4451 (s
1838 4402 1905 4438 ss,
1957 4402 2024 4437 m.
2071 4388 2129 4451 2)
2171 4386 2266 4449 M,
2332 4382 2656 4437 lacticulam
2709 4383 2896 4451 ethyr-

594 4482 718 4517 sum
760 4468 837 4531 (et
874 4464 1000 4517 tirs-
1026 4465 1075 4517 Τ
1082 4466 1099 4512 Ἰ
1120 4469 1177 4517 Χ
1340 4462 1662 4517 uiniosioris
1707 4465 1794 4517 31¹
1959 4470 2026 4517 24
2068 4480 2101 4517 a
2139 4481 2238 4518 om.
2274 4464 2352 4529 G,
2399 4464 2472 4517 ad
2514 4465 2565 4516 V
2721 4470 2790 4517 25
2828 4480 2898 4517 ex

595 4546 838 4613 HQXG³
868 4548 944 4611 (at
978 4548 1035 4598 in
1056 4545 1107 4597 L
1144 4562 1179 4597 x
1218 4547 1279 4598 in
1306 4548 1466 4609 raa),
1504 4560 1571 4597 ea
1594 4545 1879 4611 MG1VR,
1917 4561 1947 4599 e
1967 4546 2200 4615 Bentley
2230 4544 2498 4613 (maxima
2526 4560 2592 4597 ex
2623 4546 2785 4613 parte
2809 4545 2896 4610 N)
