3259 5209
597 412 745 467 LXII
1540 412 1949 467 PRAEFATIO

599 580 853 658 exempli
910 600 1090 640 causa
1147 583 1212 639 in
1259 581 1490 639 Veneta
1544 581 1805 641 editione
1852 580 2078 641 Graeca
2133 582 2318 640 uerba
2374 583 2595 658 ubique
2654 576 2907 663 (spatiis

597 673 798 729 tamen
848 672 1057 729 uacuis
1102 664 1355 751 relictis)
1402 672 1621 729 omissa
1664 672 1801 745 sint,
1847 670 1909 728 in
1946 671 2231 730 Romanis
2270 673 2537 748 capitum
2575 671 2897 746 descriptio

599 778 636 817 a
701 759 942 837 uulgari
1005 759 1328 834 discrepet,
1392 761 1458 817 in
1517 760 1865 818 uniuersum
1931 764 2128 819 tamen
2194 760 2489 819 iudicanti
2556 761 2903 821 simillimae

597 848 754 908 inter
798 867 861 907 se
908 852 968 906 et
1013 848 1554 907 recentissimorum
1598 850 2107 925 pessimorumque
2152 850 2456 925 librorum,
2503 851 2711 926 quales
2757 855 2905 908 sunt

597 936 1016 997 Perizonianus
1054 940 1116 995 et
1139 937 1564 1010 leemensis,
1600 956 1868 1014 propago
1907 938 2187 997 dicendae
2228 932 2392 997 sunt’
2414 931 2603 1019 (Roth
2630 959 2685 1015 p.
2706 932 2899 1019 XIX)

596 1027 824 1086 leuiora
871 1026 1163 1101 quaedam
1208 1026 1424 1085 menda
1470 1026 1532 1084 in
1578 1026 1702 1085 illis
1746 1027 1969 1102 passim
2016 1026 2255 1085 sublata
2296 1032 2454 1101 sunt,
2500 1046 2617 1103 quo
2654 1047 2902 1086 munere

596 1116 769 1173 uaria
814 1116 1056 1174 fortuna
1103 1115 1273 1191 fungi
1318 1118 1704 1191 perrexerunt
1748 1116 2002 1174 editores
2052 1116 2154 1191 qui
2202 1119 2389 1176 secuti
2435 1120 2589 1175 sunt.
2678 1118 2899 1176 exami-

597 1204 740 1263 naui
786 1204 976 1281 igitur
1019 1203 1098 1262 ad
1139 1204 1509 1281 indagandas
1554 1203 1929 1280 potissimum
1976 1205 2292 1279 primarias
2336 1206 2623 1265 lectiones
2660 1226 2691 1265 e
2728 1210 2903 1265 vetu-

597 1292 878 1353 stioribus
928 1293 1215 1352 editiones
1262 1293 1368 1352 has
1383 1285 1459 1373 ¹):
1526 1293 1613 1352 ed.
1654 1312 2008 1369 anonymam
2026 1287 2096 1375 ²),
2141 1294 2379 1353 Mediol.
2418 1314 2468 1353 a.
2512 1296 2681 1354 1475
2730 1287 2901 1375 Cim-

594 1401 862 1458 pressum
915 1402 1026 1457 per
1068 1382 1424 1458 Magistrum
1470 1380 1815 1458 Philippum
1870 1383 1941 1440 de
1997 1379 2325 1461 lauagnia’‚
2388 1384 2595 1443 insunt
2652 1384 2903 1443 notulae

597 1463 976 1551 Galderinii),
1040 1470 1129 1529 ed.
1169 1489 1222 1529 a.
1263 1463 1530 1552 14803),
1595 1471 1821 1532 Bonon.
1872 1492 1922 1530 a.
1966 1474 2135 1532 1488
2203 1465 2366 1552 (cum
2421 1472 2700 1531 Beroaldi
2764 1473 2906 1531 uita.

597 1552 880 1641 Suet.)⁴)‚
945 1560 1154 1620 Venet.
1203 1578 1256 1619 a.
1300 1561 1472 1619 1490
1537 1551 1703 1641 (cum
1766 1562 2192 1620 commentario
2256 1561 2333 1621 M.
2380 1561 2452 1623 A.
2502 1554 2811 1642 Sabellici)
2824 1554 2905 1642 ⁵),

594 1649 831 1708 Mediol.
871 1668 922 1708 a.
959 1651 1124 1708 1491
1169 1640 1332 1728 (cum
1370 1641 1601 1730 eodem)
1619 1642 1691 1730 6),
1728 1650 1954 1709 Bonon.
1995 1669 2046 1711 a.
2082 1652 2251 1709 1493
2293 1669 2427 1709 cum
2465 1653 2903 1722 commentario

594 1738 859 1814 Philippi
905 1738 1185 1797 Beroaldi
1235 1732 1452 1817 (altera
1500 1736 1587 1795 ed.
1627 1756 1679 1797 a.
1724 1731 2009 1819 1506)⁷),
2055 1739 2245 1815 Lugd.
2286 1758 2337 1798 a.
2382 1741 2552 1799 1508
2567 1732 2649 1819 ⁸),
2704 1737 2899 1798 Paris.

596 1847 646 1886 a.
692 1829 882 1901 1509,
927 1826 1189 1886 Florent.
1229 1846 1280 1885 a.
1324 1828 1494 1886 1510
1544 1820 1779 1907 (‘opera
1825 1830 1885 1885 et
1929 1828 2199 1903 impensa
2239 1827 2506 1905 Philippi
2553 1828 2625 1887 de
2671 1826 2905 1887 Giunta

594 1908 997 1997 Florentini')‚
1043 1915 1250 1975 Venet.
1291 1933 1343 1975 a.
1387 1918 1557 1975 1510
1603 1908 1766 1996 (cum
1812 1920 2122 1976 comment.
2162 1916 2443 1976 Sabellici
2490 1921 2551 1977 et
2596 1916 2903 1993 Beroaldi,

594 2000 724 2081 ‘per
767 2004 1112 2081 Philippum
1167 2004 1438 2063 Pincium
1493 1999 1973 2084 Mantuanum’),
2037 2006 2222 2064 Paris,
2260 2025 2313 2064 a.
2356 2008 2557 2079 1512,
2630 2006 2895 2067 Florent.

594 2112 646 2153 a.
690 2095 858 2153 1515
909 2086 1238 2173 (Iuntina),
1286 2094 1530 2171 Argent.
1580 2113 1630 2152 a.
1675 2096 1866 2168 1515,
1912 2094 2122 2153 Venet.
2170 2113 2223 2153 a.
2266 2096 2433 2154 1516
2484 2091 2601 2175 (‘in
2648 2094 2899 2155 aedibus

591 2178 756 2242 AJdi'
807 2200 948 2241 cura
995 2182 1040 2241 Ι.
1079 2182 1148 2241 Β.
1185 2182 1457 2260 Egnatii,
1511 2182 1582 2241 cf.
1628 2183 1719 2240 ed.
1760 2201 1811 2241 a.
1856 2176 2083 2262 1519),
2156 2183 2338 2243 Basil.
2378 2202 2431 2244 a.
2474 2186 2645 2244 1518
2696 2177 2901 2263 (Desi-

592 2271 743 2330 derii
790 2264 1081 2352 Erasmi)‚
1153 2272 1336 2330 Basil.
1377 2290 1429 2331 a.
1474 2272 1642 2331 1533
1702 2265 1868 2351 (huic
1922 2276 1983 2331 et
2038 2271 2212 2331 alteri
2259 2273 2579 2332 Basiliensi
2625 2292 2675 2334 a.
2720 2274 2899 2332 1546-

591 2359 1043 2437 repetitionibus
1091 2359 1476 2419 Erasmianae
1539 2360 1985 2437 Sigismundum
2034 2360 2347 2421 Gelenium
2400 2362 2732 2439 praefuisse
2778 2362 2901 2421 Ro·

590 2450 753 2509 thius
810 2443 1169 2530 existimat),
1232 2448 1419 2527 Lugd.
1460 2469 1511 2508 a.
1555 2452 1726 2509 1534
1782 2470 1887 2526 per
1943 2450 2073 2508 Seb.
2114 2448 2451 2527 Gryphium
2514 2443 2694 2530 (alias
2743 2450 2894 2527 Gry·

591 2538 844 2615 phianas
890 2538 1121 2614 inspexi
1167 2557 1220 2597 a.
1265 2540 1452 2597 1544.
1506 2540 1693 2599 1547.
1746 2540 1914 2597 1548
1965 2534 2130 2621 etc),
2178 2538 2381 2599 Colon.
2432 2560 2482 2599 a.
2525 2541 2694 2599 1539
2746 2534 2895 2620 (Ἱο·

593 2646 776 2685 annes
807 2626 1132 2703 Gymnicus
1169 2622 1540 2699 excudebat'‚
1575 2628 1721 2687 item
1760 2647 1811 2687 a.
1846 2620 2066 2709 1544),
2108 2627 2295 2686 Paris,
2326 2648 2377 2688 a.
2412 2630 2582 2689 1543
2614 2625 2897 2709 (Roberti

593 2708 930 2797 Stephani),
977 2716 1160 2775 Basil.
1191 2736 1241 2775 a.
1278 2718 1449 2775 1560
1489 2709 1653 2795 (cum
1699 2716 2185 2777 adnotationibus
2226 2710 2558 2799 Glareani),
2602 2719 2891 2794 Antverp.

591 2824 643 2864 a.
697 2808 866 2864 1574
936 2798 1239 2883 (Suetonii
1303 2804 1582 2865 Caesares
1650 2805 1867 2865 Theod.
1926 2806 2244 2865 Pulmanni
2316 2826 2498 2883 opera
2568 2813 2627 2865 et
2693 2806 2901 2866 studio

590 2894 888 2953 emendati
935 2894 1299 2971 Antverpiae
1349 2913 1416 2953 ex
1465 2894 1704 2953 officina
1752 2892 2165 2971 christophori
2210 2889 2535 2977 Plantini)‚
2602 2898 2895 2972 Antverp.

591 3002 641 3041 a.
688 2985 854 3042 1578
906 2976 982 3064 (c.
1021 3002 1229 3043 comm.
1279 2977 1529 3042 Laevini
1577 2978 1932 3063 Torrentii);
2007 3004 2222 3060 agmen
2276 2985 2677 3044 uetustiorum
2730 2984 2892 3043 clau-

590 3071 736 3131 dant
780 3072 858 3133 Is.
898 3072 1278 3132 Casaubonus
1318 3064 1625 3151 (Genavae
1662 3075 1850 3147 1595,
1896 3073 2082 3133 Paris.
2119 3066 2319 3155 1610)
2368 3078 2429 3133 et
2475 3073 2685 3133 Petrus
2736 3072 2901 3132 Scri-

590 3164 786 3219 verius
851 3154 1066 3241 (Lugd.
1116 3161 1250 3220 Bat.
1299 3179 1351 3219 a.
1406 3155 1622 3242 1596).
1726 3165 2082 3239 posteriores
2144 3181 2537 3222 commemoro
2598 3163 2893 3222 editiones

589 3249 713 3310 Ioh.
754 3248 994 3328 Georgii
1051 3247 1291 3310 Graevii
1351 3242 1641 3330 (Traiecti
1706 3270 1757 3310 a.
1812 3252 1997 3309 1672.
2052 3253 2239 3311 1691.
2293 3246 2521 3331 1703),
2597 3252 2899 3313 Samuelis

771 3492 820 3557 1)
861 3488 1048 3557 Copiis
1087 3491 1202 3546 fere
1238 3508 1372 3543 usus
1411 3508 1534 3543 sum
1571 3490 2019 3545 MonacensibuS.

768 3564 821 3628 2)
860 3560 1161 3630 Exemplar
1205 3562 1538 3616 Monacense
1586 3562 1729 3631 sign.
1772 3563 1905 3616 ‘Inc.
1944 3581 1985 3617 s.
2018 3581 2067 3616 a.
2102 3564 2282 3617 1721’.
2348 3564 2577 3617 uidetur
2615 3580 2682 3617 ea
2719 3581 2895 3632 quam

589 3630 808 3685 Gruber
826 3632 862 3685 l.
894 3631 928 3685 l.
958 3651 1012 3702 p.
1048 3639 1146 3686 142
1169 3650 1235 3685 ex
1263 3632 1458 3687 Eberti
1486 3632 1807 3688 coniectura
1835 3652 1979 3688 anno
2005 3639 2141 3688 1472
2173 3634 2515 3703 adsignauit.
2580 3634 2899 3690 consimilis

589 3706 777 3757 autem
816 3706 904 3757 est
939 3704 1176 3758 editioni
1213 3703 1464 3759 Venetae
1500 3704 1543 3769 Ι,
1581 3704 1777 3773 paucis
1813 3705 1951 3759 locis
1989 3706 2307 3761 correctior.

662 3846 672 3855 .
748 3776 820 3855 ¹3)
876 3774 1038 3828 Nihil
1101 3776 1477 3845 subscriptum
1541 3777 1652 3829 nisi
1720 3776 1939 3831 ‘FINIS
2004 3776 2484 3831 MCCCCLXXX’.
2579 3776 2790 3845 pendet
2854 3792 2898 3831 a·

588 3844 1072 3984 pnonppsvffimo
1111 3918 1248 3972 folio
1289 3918 1387 3971 ‘ad
1415 3918 1701 3973 lectorem’
1735 3922 1961 3987 praeter
1998 3920 2111 3973 alia
2148 3919 2312 3973 haec:
2356 3918 2570 3973 ‘Simon
2597 3918 2897 3989 pasqualis

585 3986 903 4042 Iadertinus
949 3993 1211 4042 accurata
1257 3989 1318 4043 id
1366 3989 1486 4059 egit
1536 3990 1953 4056 emendatione,
2004 3994 2071 4044 ut
2121 3991 2271 4059 quod
2322 3990 2598 4060 impediat
2635 3990 2887 4060 legentes

586 4059 702 4112 iam
738 4059 948 4113 frustra
983 4059 1075 4114 hic
1111 4060 1485 4131 perquiratur.
1560 4102 1573 4113 .
1595 4102 1608 4114 .
1631 4102 1645 4115 .
1669 4061 1822 4130 Opus
1859 4062 1965 4115 hoc
2003 4067 2259 4117 exactum
2311 4066 2367 4115 et
2417 4062 2749 4131 impressum
2802 4064 2891 4115 est

587 4130 872 4229 Iiononjae
911 4149 1011 4199 per
1059 4148 1148 4185 me
1187 4132 1478 4185 Platonem
1529 4132 1600 4186 de
1648 4132 1968 4188 Benedictis
2005 4136 2408 4203 stampatorem
2460 4134 2580 4187 eius
2633 4132 2890 4187 ciuitatis

588 4216 1136 4370 omem-Qe‘qssenetiis
1184 4291 1283 4342 per
1332 4274 1649 4343 Baptistam
1703 4276 1773 4330 de
1822 4276 1987 4329 tortis
2026 4274 2457 4330 MCCC-CLXXX
2496 4275 2585 4331 die
2622 4274 2741 4329 XV.
2784 4274 2894 4329 Fe-

587 4344 844 4483 bruanssl).
861 4416 991 4471 ‘Per
1025 4416 1349 4470 Vldericum
1387 4417 1799 4472 scinzenzeler'.

767 4493 818 4555 7)
861 4487 1170 4557 ‘Impressit
1206 4488 1542 4542 Benedictus
1581 4488 1836 4543 Hectoris
1872 4488 2285 4543 Bononiensis'.

765 4562 818 4627 8)
859 4558 1068 4613 Similis
1108 4558 1194 4613 ed.
1227 4560 1434 4613 Bonon.
1466 4566 1621 4614 1488.
