3259 5209
659 438 747 501 34
1358 434 1415 491 C.
1456 436 1772 491 SVETONI
1807 436 2254 502 TRANQVILLI

552 600 641 665 67
836 599 1090 665 Delicta
1144 622 1353 683 neque
1409 598 1800 671 obseruabat
1856 600 2072 665 omnia
2133 621 2341 685 neque
2397 622 2515 684 pro
2571 600 2764 665 modo
2821 622 2962 665 exe—
3221 336 3240 757 1

659 706 1004 791 quebatur‚
1070 706 1181 771 sed
1244 706 1644 771 desertorum
1711 727 1785 769 ac
1847 706 2298 771 seditiosorum
2363 710 2430 770 et
2489 706 2837 790 inquisitor
2897 712 2964 771 et

657 814 923 897 punitor
966 814 1311 879 acerrimus
1356 814 1698 878 coniuebat
1744 813 1812 877 in
1861 814 2105 879 ceteris,
2179 834 2252 877 ac
2289 835 2770 897 nonnumquam
2809 820 2966 896 post

657 942 957 1006 magnam
1004 941 1286 1005 pugnam
1336 924 1527 1003 atque
1574 921 1913 986 uictoriam
1969 920 2234 985 remisso
2283 919 2647 985 officiorum
2695 942 2962 985 munere
3225 813 3242 996 Ι

654 1026 979 1091 licentiam
1021 1048 1275 1091 omnem
1312 1026 1548 1110 passim
1581 1026 1956 1091 lasciuiendi
1987 1026 2422 1110 permittebat,
2459 1027 2696 1091 iactare
2724 1025 2960 1090 solitus
3015 1054 3042 1091 5

656 1133 951 1199 milites
1007 1155 1184 1197 suos
1240 1133 1469 1199 etiam
1516 1138 2030 1217 unguentatos
2087 1132 2275 1197 bene
2321 1155 2664 1219 pugnare
2711 1154 2960 1217 posse.
3225 1027 3242 1287 1

587 1257 617 1303 2
655 1261 774 1305 nec
818 1240 1059 1305 milites
1116 1263 1225 1304 eos
1280 1261 1396 1323 pro
1456 1241 1782 1324 contione,
1842 1239 1955 1304 sed
2006 1239 2340 1304 blandiore
2386 1240 2647 1304 nomine
2695 1240 2960 1303 commi·

654 1348 889 1411 litones
938 1346 1303 1430 appellabat
1349 1344 1752 1429 habebatque
1801 1351 1932 1411 tam
1981 1345 2205 1431 cultos,
2252 1350 2326 1409 ut
2371 1351 2640 1432 argento
2686 1352 2752 1409 et
2798 1367 2958 1409 auro

655 1453 877 1537 politis
923 1454 1117 1517 armis
1166 1458 1451 1535 ornaret,
1506 1453 1700 1517 simul
1747 1458 1810 1517 et
1857 1453 1936 1515 ad
1984 1455 2260 1536 speciem
2319 1458 2380 1517 et
2425 1475 2554 1536 quo
2602 1453 2960 1517 tenaciores

654 1582 874 1628 eorum
923 1558 991 1623 in
1036 1562 1283 1643 proelio
1332 1564 1547 1624 essent
1582 1564 1763 1624 metu
1800 1560 2033 1625 damni.
2109 1560 2420 1646 diligebat
2458 1581 2714 1643 quoque
2753 1581 2960 1642 usque
2991 1588 3044 1625 ιο

654 1667 841 1749 adeo,
896 1672 971 1730 ut
1016 1667 1235 1733 audita
1288 1666 1467 1732 clade
1514 1666 1850 1731 Tituriana
1905 1667 2170 1731 barbam
2217 1667 2650 1751 capillumque
2697 1668 2960 1730 summi-

550 1770 641 1835 68
656 1774 811 1837 serit
856 1795 976 1837 nec
1031 1777 1179 1837 ante
1237 1773 1582 1857 dempserit
1631 1796 1824 1857 quam
1873 1774 2276 1841 uindicasset.
2369 1772 2606 1858 quibus
2653 1772 2846 1837 rebus
2893 1778 2960 1837 et

656 1880 1113 1945 deuotissimos
1160 1879 1285 1944 sibi
1333 1884 1399 1945 et
1443 1878 1838 1945 fortissimos
1883 1880 2178 1945 reddidit.
2252 1883 2543 1966 ingresso
2591 1880 2781 1945 ciuile
2827 1878 2959 1943 bel-

652 1986 789 2051 lum
837 1988 1244 2053 centuriones
1299 1988 1607 2070 cuiusque
1667 1987 1940 2073 legionis
1996 1988 2286 2072 singulos
2339 1990 2586 2070 equites
2632 2009 2667 2051 e
2714 1988 2956 2052 uiatico

656 2115 771 2157 suo
828 2095 1226 2177 optulerunt,
1284 2094 1570 2159 uniuersi
1628 2094 1870 2159 milites
1925 2096 2276 2181 gratuitam
2333 2099 2398 2159 et
2445 2096 2580 2159 sine
2626 2094 2955 2159 frumento
2989 2120 3040 2159 ιε.

658 2200 1107 2285 stipendioque
1154 2223 1442 2284 operam,
1489 2222 1635 2266 cum
1683 2202 2046 2266 tenuiorum
2087 2203 2356 2267 tutelam
2392 2200 2849 2287 locupletiores
2890 2203 2956 2264 in

657 2329 721 2371 se
770 2306 1210 2372 contulissent.
1294 2330 1501 2391 neque
1550 2308 1616 2372 in
1664 2314 1794 2372 tam
1846 2308 2151 2372 diuturno
2189 2309 2398 2392 spatio
2439 2309 2782 2391 quisquam
2820 2330 2956 2372 om·
3245 2392 3247 2401 Ι

654 2414 805 2477 nino
865 2412 1159 2497 desciuit,
1224 2414 1515 2498 plerique
1572 2414 1745 2497 capti
1801 2435 2166 2479 concessam
2223 2415 2347 2479 sibi
2403 2414 2522 2479 sub
2579 2413 2957 2478 condicione

583 2533 613 2579 2
656 2520 874 2601 uitam,
932 2520 983 2582 si
1042 2520 1321 2584 militare
1377 2520 1681 2583 aduersus
1727 2542 1873 2585 eum
1920 2521 2190 2603 uellent,
2241 2526 2632 2587 recusarunt.
2714 2520 2952 2585 famem

653 2630 718 2689 et
774 2631 1013 2690 ceteras
1069 2628 1508 2709 necessitates„
1566 2649 1699 2690 non
1763 2648 1906 2691 cum
1969 2628 2414 2693 obsiderentur
2467 2628 2657 2693 modo
2720 2628 2832 2691 sed
2890 2634 2955 2693 et
2985 2654 3040 2692 20

800 2808 825 2853 1
867 2804 1131 2873 Polyaen.
1178 2802 1333 2855 VIII
1362 2806 1463 2867 23,
1490 2805 1561 2855 21
1610 2802 1679 2855 τὰ
1719 2800 2086 2870 ἁμαρτήματα
2123 2812 2234 2856 τῶν
2273 2812 2621 2869 στρατιωτῶν
2659 2804 2726 2857 οὗ
2765 2802 2952 2857 πάντα

654 2882 1100 2949 παρεφύλασσεν,
1142 2878 1265 2935 ἀλλ’
1300 2882 1432 2936 οὐδὲ·
1470 2884 1601 2944 τοὺς
1639 2880 2066 2950 ἁμαρτάνοντας
2101 2882 2245 2937 κατὰ
2280 2885 2382 2952 τὴν
2411 2882 2578 2949 ἀξίαν
2617 2884 2952 2953 ἐτιμωρεῖτο.

654 2962 756 3030 τὴν
796 2964 1124 3031 συγγνώμην
1163 2960 1431 3028 ἀνδρείας
1466 2962 1766 3031 ποιητικὴν
1802 2962 2123 3031 ἡγούμενος.
2199 2964 2248 3019 εἰ
2285 2962 2473 3031 μέντοι
2508 2984 2592 3025 τις
2628 2962 2952 3020 ἐστασίασεν

654 3040 685 3109 ἢ
716 3043 819 3110 τὴν
846 3042 1005 3107 τάξιν
1037 3043 1239 3107 ἔλιπεν,
1261 3044 1363 3096 οὐκ
1394 3040 1465 3096 &lv
1494 3051 1694 3097 τοῦτον
1723 3044 2070 3112 ἀτιμώρητον
2090 3052 2358 3112 παρῆκεν.
2507 3050 2535 3096 ’7
2551 3062 2670 3111 sqq.
2701 3044 2776 3097 id.
2801 3045 2956 3097 1⁷11!

649 3127 831 3184 23,20
867 3131 984 3183 τοῖς
1021 3124 1380 3189 στρατιώταις
1414 3120 1791 3190 παρήγγελλεν
1822 3122 1962 3176 ὅπλα
1993 3124 2138 3194 ἔχειν
2165 3125 2390 3197 ἀργύρῳ
2418 3126 2514 3179 καὶ
2542 3129 2726 3196 χρυσῷ
2753 3144 2952 3178 πεποι-

652 3201 897 3269 κιλμένα,
935 3202 1169 3270 μάλιστα
1208 3203 1309 3271 μὲν
1346 3200 1555 3270 κόσμου
1593 3202 1779 3274 χάριν,
1817 3204 1918 3273 οὐχ
1957 3201 2155 3272 ἥκιστα
2187 3204 2354 3275 <δὲ>,
2396 3202 2545 3266 ὅπως
2571 3206 2668 3259 καὶ
2697 3203 2750 3258 οἱ
2790 3222 2954 3271 στρα-

653 3291 847 3335 τιῶται
884 3282 953 3334 τὰ
992 3284 1265 3350 πολύτιμα
1303 3282 1652 3352 περιμάχητα
1691 3283 1934 3351 ἡγοῖντο.
2022 3285 2175 3337 VIII
2205 3290 2305 3344 23.
2331 3290 2408 3338 22
2443 3286 2576 3345 τοὺς
2613 3286 2953 3351 στρατιώτας

653 3362 836 3415 ἐκάλει
876 3364 1287 3429 συστρατιώτας
1331 3367 1404 3433 τῷ
1454 3361 1682 3435 ἰσοτίμῳ
1721 3371 1818 3416 τοῦ
1870 3360 2143 3431 ὀνόματος
2179 3364 2641 3433 προθυμοτέρους
2677 3374 2856 3418 ποιῶν
2896 3365 2956 3427 ἐς

651 3442 749 3502 τὰς
786 3440 981 3511 μάχας.
1061 3442 1213 3510 Epit.
1246 3448 1296 3507 1,
1322 3446 1385 3495 14
1422 3442 1632 3496 milites
1673 3443 2079 3496 commilitones
2119 3461 2262 3497 nouo
2303 3444 2623 3513 blandoque
2663 3460 2816 3498 more
2853 3462 2952 3513 ap-

650 3521 884 3589 pellans
1037 3529 1097 3575 11
1114 3541 1233 3590 sqq.
1276 3524 1539 3593 Polyaen.
1582 3524 1740 3575 VIII
1768 3528 1860 3587 23,
1888 3528 1962 3575 23
2007 3524 2336 3591 πυθόμενος
2381 3525 2442 3578 ἐν
2483 3528 2534 3576 Γ
2531 3522 2732 3598 αλατίᾳ
2777 3545 2951 3579 κατα-

650 3611 893 3670 κοπῆναι
935 3602 1228 3671 φάλαγγας
1275 3612 1621 3668 στρατιωτῶν
1662 3603 1837 3671 ὤμοσε
1885 3603 1956 3670 μὴ
2004 3603 2279 3669 πρότερον
2319 3602 2475 3675 (ἂν)
2515 3604 2950 3672 ἀποκείρασθαι,

650 3684 783 3747 πρὶν
832 3682 1145 3745 ἐπεξελθὼν
1192 3690 1498 3750 τιμωρῆσαι
1550 3692 1667 3743 τοῖς
1717 3682 2104 3754 ἀνῃρημένοις.
2179 3685 2354 3753 τούτῳ
2405 3684 2665 3751 πλείστην
2717 3685 2954 3740 εὔνοιαν

650 3764 799 3835 αὑτῷ
848 3762 1003 3829 παρὰ
1059 3764 1287 3816 πάντων
1336 3762 1704 3817 ἐπεσπάσατο.
1902 3770 2098 3831 lsssqq.
2149 3765 2222 3817 id.
2270 3766 2421 3817 VIII
2452 3769 2553 3823 23,
2581 3770 2654 3819 24
2703 3766 2764 3821 ἐν
2811 3768 2949 3836 λιμῷ

648 3852 766 3903 τοῖς
818 3845 1177 3909 στρατιιιίταις
1227 3844 1431 3909 ἄρτους
1482 3844 1714 3899 διέδωκε
1769 3842 2043 3904 σκευάσας
2095 3845 2154 3897 ἐκ
2207 3843 2461 3913 βοτάνης.
2541 3846 2835 3914 Πομπήϊος
2885 3848 2950 3902 δὲ

650 3927 903 3992 πολεμῶν
951 3924 1089 3987 πρὸς
1137 3924 1307 3977 αὐτὸν
1357 3923 1454 3977 ἕνα
1504 3924 1675 3990 ἄρτον
1722 3924 2171 3992 προσενεχθέντα
2217 3934 2474 3978 τοιοῦτον
2515 3924 2841 3994 ἀπέκρυψεν
2880 3928 2953 3981 οὐ

650 4003 987 4072 βουλόμενος
1024 4012 1139 4063 τοῖς
1189 4004 1388 4057 ἑαυτοῦ
1430 4006 1789 4070 στρατιώταις
1827 4006 2102 4069 ἐπιδεῖξαι
2149 4005 2249 4073 τὴν
2287 4014 2397 4058 τῶν
2433 4004 2712 4075 πολεμίων
2751 4007 2950 4076 ἐγκρά-

648 4102 819 4137 τειαν.
898 4084 1067 4137 Schol.
1094 4085 1308 4137 Luc-(m.
1346 4086 1425 4136 Vl
1457 4090 1560 4136 112
1582 4085 1663 4137 W.
1697 4084 1887 4137 Celsus
1920 4087 1975 4149 (ι’.
2011 4088 2158 4139 Caes.
2182 4087 2226 4138 b.
2255 4102 2294 4138 c.
2325 4087 2532 4152 11147)
2563 4090 2620 4139 et
2651 4086 2952 4140 Suetonius

650 4164 789 4216 dicit
828 4164 979 4231 quod
1009 4164 1212 4216 Caesar
1242 4162 1441 4216 habuit
1480 4164 1619 4216 fidos
1650 4164 1860 4217 milites
1892 4168 1947 4216 et
1977 4165 2416 4233 patientissimos
2452 4167 2950 4221 incommodorum.

792 4330 821 4377 3
862 4325 1090 4392 punitor
1128 4342 1262 4379 corr.
1295 4342 1361 4377 ex
1400 4324 1658 4391 poenitor
1693 4328 1763 4379 M
1789 4328 1873 4377 (m.
1903 4332 1979 4393 1),
2017 4325 2275 4393 poenitor
2307 4326 2367 4391 V,
2415 4328 2637 4396 penitor
2661 4330 2709 4381 G
2857 4344 2944 4381 co-

648 4405 881 4457 niuebat
918 4406 1063 4469 HR,
1104 4404 1406 4458 conibebat
1440 4406 1588 4469 MV,
1639 4404 1940 4457 cohibebat
1976 4406 2264 4474 GQXN&
2407 4414 2440 4459 4
2479 4424 2730 4475 pugnam
2767 4424 2854 4461 om
2905 4410 2953 4461 Γ

648 4494 677 4537 v
720 4485 835 4537 litis
866 4486 1096 4552 Bentley
1244 4491 1308 4536 12
1349 4488 1405 4536 et
1444 4492 1559 4551 post
1598 4486 1944 4538 uindicasse-t
1981 4487 2108 4539 add.
2147 4488 2242 4541 M·
2362 4492 2424 4539 15
2466 4492 2521 4540 et
2560 4488 2658 4541 del.
2700 4490 2789 4542 uel
2813 4490 2948 4541 scri-

648 4565 873 4617 Inndum
916 4565 974 4615 id
1015 4570 1099 4616 est
1137 4572 1307 4619 censet
1350 4565 1714 4619 efflantium·
