3259 5209
623 439 755 504 302
1326 439 1382 495 C.
1423 439 1738 495 SVETONI
1772 440 2218 507 TRANQVILLI

549 621 584 669 4
622 625 817 670 ausos
875 603 1195 688 opinatus.
1293 602 1493 668 nullis
1546 609 1764 670 tamen
1815 603 2130 670 infensior
2182 626 2376 688 quam
2429 603 2795 669 uernaculis
2861 607 2928 668 et

626 710 1113 794 mathematicis,
1167 715 1241 774 ut
1294 710 1567 794 quisque
1613 711 1987 795 deferretur,
2041 711 2404 776 inauditum
2447 711 2660 794 eapite
2704 711 2928 794 punie-

626 817 737 882 bat
782 816 1221 900 exacerbatus,
1268 817 1443 900 quod
1487 821 1638 901 post
1683 817 1964 882 edictum
2010 839 2217 902 snum,
2263 837 2396 902 quo
2440 817 2708 883 iubebat
2752 818 2930 882 intra

622 923 766 988 Kal.
814 922 953 990 Oct.
988 922 1151 988 urbe
1185 921 1503 1008 Italiaque
1549 924 1991 990 mathematici
2037 924 2430 1009 excederent,
2476 925 2700 990 statim
2743 922 2928 987 libel-

622 1031 725 1096 lus
769 1031 1145 1116 propositus
1190 1035 1315 1114 est,
1362 1034 1437 1095 et
1485 1028 1913 1096 Chaldaeos
1959 1031 2241 1113 dicere,
2289 1030 2562 1096 bonum
2605 1029 2930 1112 factum,
2993 1057 3026 1098 ε

620 1159 713 1202 ne
768 1136 1145 1204 Vitellius
1210 1136 1708 1203 Germanicus
1773 1138 1980 1203 intra
2035 1137 2350 1204 eundem
2408 1135 2926 1202 Kalendarum

552 1264 585 1313 6
623 1245 815 1309 diem
878 1264 1197 1329 usquam
1260 1249 1480 1310 esset.
1572 1248 1910 1327 suspectus
1969 1248 2036 1308 et
2095 1245 2163 1308 in
2221 1249 2431 1310 morte
2491 1244 2716 1308 matris
2777 1243 2926 1325 fuit,

624 1352 809 1436 qnasi
854 1373 1081 1438 aegrae
1126 1351 1417 1435 praeberi
1464 1350 1683 1417 cibum
1729 1349 2187 1436 prohibuisset,
2240 1350 2638 1416 uaticinante
2685 1349 2926 1414 Chatta

623 1458 917 1542 muliere,
972 1459 1077 1524 cui
1132 1457 1315 1524 uelut
1372 1459 1632 1524 oraculo
1681 1457 2154 1542 adquiescebat,
2209 1459 2302 1523 ita
2346 1458 2600 1523 demum
2650 1456 2926 1521 firmiter

622 1586 697 1630 ac
735 1565 1097 1630 diutissime
1133 1565 1615 1648 imperaturum,
1654 1564 1710 1628 si
1747 1569 2070 1647 superstes
2107 1564 2360 1648 parenti
2396 1564 2736 1629 extitisset.
2809 1564 2924 1628 alii
2961 1589 3022 1630 ιο

625 1671 887 1736 tradunt
931 1671 1139 1756 ipsam
1184 1671 1397 1736 taedio
1432 1671 1869 1756 praesentium
1907 1674 1974 1734 et
2011 1671 2484 1738 imminentium
2523 1675 2700 1736 metu
2737 1691 2927 1734 uene-

620 1799 777 1843 num
824 1800 862 1842 a
907 1777 1044 1842 filio
1092 1779 1489 1863 impetrasse,
1534 1776 1708 1843 haud
1753 1799 1908 1843 sane
1953 1777 2316 1844 difficulter.

523 1886 611 1954 15
807 1882 1055 1950 Octauo
1110 1885 1365 1969 imperii
1418 1905 1638 1949 mense
1683 1883 2090 1950 desciuerunt
2134 1885 2214 1949 ab
2261 1906 2338 1950 eo
2383 1885 2703 1949 exercitus
2749 1882 2924 1948 Moe-

622 1991 865 2056 siarum
926 1995 1121 2076 atque
1179 1989 1575 2072 Pannoniae,
1641 1990 1798 2056 item
1857 2013 1936 2054 ex
1995 1991 2442 2056 transmarinis
2499 1988 2797 2055 Iudaicus
2857 1993 2924 2054 et

621 2096 994 2183 Syriaticus,
1050 2119 1125 2162 ac
1168 2119 1319 2182 pars
1380 2098 1448 2162 in
1494 2096 1782 2162 absentis
1827 2119 1977 2181 pars
2022 2098 2091 2161 in
2136 2097 2492 2182 praesentis
2537 2095 2922 2182 Vespasiani
2956 2122 3016 2163 ιε

621 2205 822 2269 uerba
893 2205 1206 2269 iurarunt.
1327 2204 1407 2268 ad
1468 2202 1876 2268 retinendum
1939 2225 2093 2290 ergo
2161 2209 2520 2270 ceterorum
2583 2203 2926 2268 hominum

622 2311 909 2376 studium
956 2333 1031 2376 ac
1074 2311 1369 2376 fauorem
1414 2309 1578 2374 nihil
1624 2332 1759 2375 non
1803 2310 2061 2395 publice
2106 2311 2546 2396 priuatimque
2587 2309 2771 2376 nullo
2817 2309 2926 2373 ad-

622 2416 832 2482 hibito
880 2416 1073 2482 modo
1118 2418 1391 2503 largitus
1439 2421 1552 2480 est.
1647 2415 1953 2481 dilectum
2003 2438 2266 2500 quoque
2313 2439 2388 2481 ea
2433 2418 2806 2483 condicione
2854 2419 2924 2481 in

622 2523 781 2588 urbe
828 2524 980 2610 egit,
1024 2530 1100 2589 ut
1144 2524 1533 2588 uoluntariis
1570 2545 1700 2588 non
1738 2523 1930 2588 modo
1969 2524 2338 2590 missionem
2377 2529 2526 2608 post
2561 2524 2923 2606 uictoriam,

623 2631 737 2696 sed
800 2631 991 2696 etiam
1050 2634 1501 2696 ueteranorum
1556 2629 1892 2714 iustaeque
1945 2629 2216 2694 militiae
2272 2630 2607 2696 commoda
2661 2628 2924 2714 poUice-
2955 2655 3016 2696 so

552 2757 582 2804 2
620 2741 817 2802 retur.
906 2737 1165 2823 urgenti
1211 2737 1435 2801 deinde
1482 2739 1655 2800 terra
1699 2737 1993 2820 marique
2039 2736 2212 2802 hosti
2257 2736 2412 2802 hinc
2456 2737 2726 2801 fratrem
2773 2757 2920 2800 cum

622 2845 821 2908 classe
878 2865 951 2907 ac
1007 2843 1328 2908 tironibus
1382 2847 1448 2907 et
1501 2842 1936 2928 gladiatorum
1981 2865 2176 2908 manu
2225 2844 2548 2928 opposuit,
2603 2842 2756 2908 hinc
2801 2841 2920 2907 Be-

618 2951 965 3016 triaoenses
1022 2950 1240 3034 copias
1296 2953 1363 3014 et
1416 2949 1639 3034 duces;
1701 2953 1894 3035 atque
1947 2949 2190 3035 ubique
2244 2955 2360 3015 aut
2411 2954 2752 3035 superatus
2807 2954 2922 3014 aut

618 3058 915 3142 proditus
974 3057 1249 3122 salutem
1308 3055 1433 3121 sibi
1490 3061 1555 3120 et
1614 3055 1827 3120 milies
1887 3057 2254 3122 sestertium
2309 3079 2348 3120 a
2392 3056 2622 3121 Flauio
2676 3054 2920 3121 Sabino

764 3229 829 3276 13
868 3225 1103 3292 Eutrop.
1146 3223 1273 3278 VII
1288 3228 1381 3289 18,
1412 3227 1447 3277 6
1492 3223 1663 3292 periIt
1692 3266 1702 3276 .
1735 3263 1748 3276 .
1782 3264 1792 3274 .
1823 3221 2046 3291 imperii
2090 3239 2282 3277 mense
2325 3225 2528 3277 octauo
2573 3224 2632 3277 et
2677 3221 2771 3277 die
2805 3237 2920 3274 uno

619 3307 770 3373 (μιᾶς
813 3304 1193 3372 προσδεούσης
1228 3301 1437 3371 ἡμέρας
1474 3304 1703 3368 Paean„
1753 3302 1990 3371 septimo
2029 3303 2320 3372 Enmmm)
2394 3304 2552 3373 Epir.
2579 3308 2632 3368 8,
2663 3307 2694 3356 1
2741 3302 2922 3370 impe-

616 3384 769 3438 rauit
796 3400 1015 3439 menses
1043 3386 1186 3438 octo.
1246 3384 1429 3438 Victor
1458 3382 1609 3438 Caes.
1639 3387 1696 3450 8,
1727 3387 1762 3436 6
1790 3380 2104 3450 tyrannidis
2133 3386 2332 3437 octauo
2361 3398 2569 3438 mense.
2631 3381 2778 3438 Oros.
2805 3382 2930 3436 VH

616 3470 668 3532 8,
698 3470 735 3518 8
774 3469 973 3520 octauo
1012 3481 1181 3533 quam
1224 3479 1460 3533 regnum
1496 3466 1946 3534 praesumpserat
1980 3479 2188 3517 mense.
2345 3467 2412 3516 13
2431 3481 2514 3532 sq.
2556 3463 2738 3517 Victor
2767 3462 2919 3516 Caes.

616 3549 671 3611 8,
696 3549 736 3599 2
772 3544 1038 3612 qnoniam
1075 3543 1252 3614 legati
1299 3543 1542 3598 Moesiae
1588 3543 2008 3611 Pannonicique
2045 3543 2322 3598 exercitus
2367 3541 2714 3597 hortantium
2750 3557 2918 3596 uene-

615 3626 759 3678 rant.
833 3629 885 3690 8,
916 3627 951 3678 3
989 3623 1395 3692 Vespasianum
1430 3623 1726 3693 perpnlere
1739 3666 1754 3691 ,
1798 3622 1860 3678 in
1897 3641 2066 3693 quem
2101 3623 2216 3678 iam
2251 3620 2513 3691 Syriacae
2551 3621 2808 3676 cohortes
2844 3621 2918 3675 ob

619 3703 849 3773 egregia
890 3703 1046 3757 uitae
1094 3707 1489 3758 consenserant
1536 3705 1625 3772 (cf.
1666 3704 1811 3759 Suet.
1863 3705 2014 3772 Vesp.
2045 3705 2117 3772 6).
2281 3708 2350 3757 24
2405 3704 2587 3758 Victor
2626 3703 2772 3758 Caes,
2801 3707 2855 3768 8,
2885 3707 2922 3758 5

617 3781 883 3837 Vitellius
921 3782 992 3837 ab
1022 3781 1229 3836 Sabino
1266 3782 1395 3836 urbi
1430 3783 1736 3854 praefecto,
1773 3783 2105 3852 Vespasiani
2133 3781 2324 3850 fratre,
2361 3782 2684 3836 sestertium
2710 3781 2919 3836 millies

617 3862 913 3933 pepigerat
956 3862 1183 3916 arbitris
1218 3862 1497 3917 militibus
1539 3864 1776 3934 imperio
1824 3864 2109 3919 decedere.
2180 3863 2330 3919 Oros.
2371 3863 2497 3918 VII
2513 3869 2567 3931 8,
2606 3867 2640 3916 7
2674 3862 2920 3932 primum

618 3943 897 4012 deponere
932 3942 1162 3996 molitus
1200 3943 1513 4011 imperium.

762 4092 791 4140 1
830 4086 1093 4156 opinatus
1123 4087 1280 4154 (opp·
1314 4085 1388 4155 T)
1418 4089 1486 4152 X,
1514 4086 1834 4141 obstinatus
1864 4086 2028 4155 (obti·
2057 4087 2132 4157 R)
2164 4088 2239 4141 M
2243 4089 2302 4154 T,
2321 4085 2751 4154 obstinatosque
2781 4086 2834 4142 G

617 4165 957 4221 diuinaculis
988 4166 1291 4232 Turnebus,
1330 4165 1702 4236 genethliacis
1725 4167 1979 4238 Madvig,
2015 4168 2182 4222 aliter
2208 4167 2313 4221 alii
2411 4169 2470 4220 et
2495 4167 2598 4222 del.
2619 4165 2922 4222 Sabellicus

617 4253 650 4302 ὅ
677 4247 896 4316 positus
924 4249 973 4300 Τ
1075 4245 1295 4302 edicere
1318 4247 1552 4302 Ursinus
1651 4244 1832 4300 fatum
1858 4246 2002 4302 YLS
2107 4253 2138 4300 6
2161 4245 2520 4300 calendarum
2543 4248 2618 4301 M
2715 4252 2743 4299 7
2765 4247 2922 4301 extet

616 4327 849 4396 Bentley
991 4326 1188 4380 matris
1216 4329 1395 4381 morte
1429 4327 1481 4382 G
1655 4332 1687 4380 8
1726 4326 1960 4380 chattha
1990 4327 2116 4382 ΜΘ
2145 4327 2203 4396 (h
2226 4330 2384 4396 prior
2410 4331 2688 4396 semuncta
2715 4327 2778 4380 ia
2811 4329 2922 4396 M),

616 4407 785 4461 catha
818 4406 1031 4477 Y(1P),
1070 4409 1197 4460 cata
1224 4405 1361 4462 ΧΠι
1508 4412 1574 4460 10
1611 4405 1712 4460 alii
1740 4408 1870 4474 ΧΝ,
1909 4409 1968 4462 et
2001 4407 2102 4460 alii
2134 4409 2307 4474 ΜΤδ,
2343 4406 2444 4461 sed
2481 4405 2584 4461 alii
2615 4406 2686 4473 G,
2723 4409 2783 4460 at
2819 4407 2922 4460 alii

619 4488 811 4541 Burm.
960 4491 1029 4540 20
1065 4484 1325 4555 iustaque
1353 4486 1585 4557 Lipsius
1731 4493 1798 4540 22
1837 4488 1897 4541 et
1923 4493 2052 4556 post
2079 4487 2210 4540 hinc
2245 4487 2374 4542 add.
2395 4489 2445 4540 Τ
2583 4491 2652 4540 24
2691 4485 2800 4539 sibi
2837 4487 2922 4557 et]

618 4566 844 4620 sibimet
876 4567 945 4633 G,
982 4565 1090 4620 sibi
1133 4565 1381 4622 Valesius
