3259 5209
1162 471 1496 527 TIBERIVS
1534 483 1666 534 [cu.
1698 483 1874 533 21—24}
2528 470 2654 535 133

358 653 619 715 perasse
663 655 731 696 se
776 637 841 696 et
886 633 1289 700 redditurum
1336 657 1483 700 eum
1530 635 1781 700 senatui
1818 635 2128 700 rationem
2169 634 2516 718 respondit,
2562 635 2654 698 in-

362 738 605 802 uidiam
660 739 904 804 scilicet
959 742 1023 804 in
1078 744 1440 825 praesentia
1492 743 1722 807 uitans.
1805 764 1954 806 nam
2009 763 2160 805 mox
2215 741 2472 806 silentio
2521 762 2655 804 rem

360 845 753 911 obliterauit.
847 847 985 912 iure
1039 853 1253 912 autem
1308 848 1692 913 tribuniciae
1750 850 2090 933 potestatis
2149 851 2371 912 coacto
2430 851 2652 912 senatu
2672 847 2760 916 ⁶23

360 951 787 1036 incohataque
851 953 1256 1019 adlocutione
1322 954 1663 1040 derepente
1727 954 1908 1020 uelut
1971 955 2180 1039 impar
2245 954 2450 1019 dolori
2505 975 2655 1018 con-

302 1084 331 1124 s
360 1059 629 1143 gemuit,
674 1064 875 1144 utque
920 1083 1051 1126 non
1097 1062 1308 1126 solum
1344 1084 1473 1126 uox
1514 1061 1625 1126 sed
1662 1066 1727 1126 et
1765 1061 2030 1146 spiritus
2069 1061 2366 1126 deficeret
2403 1061 2657 1146 optauit

360 1186 433 1228 ac
478 1166 937 1253 perlegendum
990 1166 1231 1233 librum
1278 1166 1492 1232 Druso
1548 1167 1688 1232 filio
1743 1167 2024 1232 tradidit.
2109 1167 2382 1232 inlatum
2430 1166 2656 1231 deinde

360 1270 643 1358 Augusti
690 1277 1164 1359 testamentum,
1208 1295 1338 1338 non
1376 1275 1674 1340 admissis
1711 1273 2150 1361 signatoribus
2186 1275 2310 1338 nisi
2349 1274 2656 1338 senatorii

360 1377 622 1463 ordinis,
669 1380 897 1444 ceteris
938 1385 1121 1445 extra
1158 1382 1394 1446 curiam
1436 1382 1621 1469 signa
1658 1381 2172 1468 agnoscentibus,
2209 1380 2506 1445 recitauit
2541 1401 2656 1464 per

357 1485 681 1550 libertum.
765 1488 1134 1552 testamenti
1172 1489 1429 1553 initium
1466 1489 1617 1553 fuit:
1667 1489 2026 1572 quoniam
2074 1491 2294 1553 atrox
2341 1487 2656 1552 fortuna

278 1616 331 1655 10
364 1589 631 1656 Gaium
686 1597 760 1657 et
804 1592 1119 1659 Lucium
1178 1594 1401 1659 filios
1455 1593 1646 1658 mihi
1703 1595 2019 1678 eripuit,
2076 1593 2432 1659 Tiberius
2480 1592 2654 1658 Cae-

360 1720 481 1762 sar
527 1698 713 1762 mihi
763 1722 848 1764 ex
886 1706 1103 1784 parte
1143 1700 1459 1766 dimidia
1496 1706 1569 1765 et
1616 1706 1968 1766 sextante
2005 1701 2226 1765 heres
2273 1705 2458 1765 esto.
2524 1722 2654 1783 quo

360 1809 425 1868 et
484 1805 627 1888 ipso
686 1809 875 1870 aucta
934 1808 1215 1892 suspicio
1273 1812 1371 1873 est
1428 1808 1832 1892 opinantium
1896 1829 2322 1873 successorem
2380 1808 2653 1872 ascitum

360 1933 507 1974 eum
554 1914 933 1978 necessitate
981 1914 1189 2000 magis
1234 1936 1427 1997 quam
1474 1915 1732 2000 iudicio,
1779 1915 2034 1998 quando
2081 1915 2174 1978 ita
2210 1914 2484 1998 praefari
2523 1936 2653 1978 non

361 2017 761 2083 abstinuerit.

276 2149 329 2188 ιε
538 2123 1007 2212 Principatum,
1076 2127 1371 2210 quamuis
1423 2150 1630 2211 neque
1688 2147 2000 2210 occupare
2055 2128 2391 2193 confestim
2447 2149 2652 2212 neque
2669 2126 2758 2192 ⁶24

358 2253 548 2316 agere
604 2231 983 2316 dubitasset,
1048 2238 1112 2297 et
1166 2234 1444 2298 statione
1498 2234 1806 2314 militum,
1869 2235 1994 2299 hoc
2050 2239 2148 2300 est
2200 2236 2268 2298 ui
2325 2239 2390 2299 et
2444 2236 2655 2320 specie

360 2335 817 2403 dominationis
871 2345 1227 2425 assumpta,
1282 2341 1393 2404 diu
1438 2345 1654 2404 tamen
1701 2342 2050 2424 recusauit,
2095 2341 2654 2425 impudentissimo

360 2445 557 2508 mimo
594 2467 765 2510 nunc
801 2445 1203 2511 adhortantis
1240 2449 1482 2513 amicos
1512 2448 1849 2532 increpans
1877 2451 1951 2512 ut
1988 2447 2328 2534 ignaros,
2369 2453 2657 2532 quanta

362 2549 587 2615 belua
622 2557 823 2617 esset
860 2553 1297 2638 imperium,
1334 2575 1504 2618 nunc
1541 2559 1909 2638 precantem
1949 2559 2239 2619 senatum
2270 2559 2335 2618 et
2361 2577 2656 2639 procum-

272 2681 331 2720 20
360 2657 617 2722 bentem
672 2659 798 2725 sibi
852 2661 935 2725 ad
986 2682 1199 2747 genua
1252 2661 1575 2748 ambiguis
1629 2663 1953 2744 responsis
2008 2665 2072 2726 et
2127 2661 2358 2726 callida
2405 2669 2655 2727 cuncta-

360 2765 537 2829 tione
574 2765 994 2850 suspendens,
1040 2771 1113 2831 ut
1152 2767 1407 2851 quidam
1448 2768 1826 2852 patientiam
1862 2773 2232 2852 rumperent
2261 2773 2452 2852 atque
2489 2791 2654 2833 unus

360 2871 429 2935 in
462 2872 751 2936 tumultu
786 2872 1239 2957 proclamaret:
1287 2878 1415 2938 aut
1461 2879 1638 2959 agat
1677 2879 1805 2939 aut
1841 2875 2191 2939 desistat!
2239 2876 2402 2939 alter
2439 2896 2654 2939 coram

359 2976 777 3061 exprobraret
820 2985 1083 3065 ceteros„
1130 2981 1302 3064 quod
1348 2981 1623 3064 polliciti
1673 2981 1804 3045 sint
1849 2982 2028 3045 tarde
2074 2987 2413 3066 praestare,
2461 2981 2655 3064 se<d>

360 3084 592 3168 ipsum,
640 3085 813 3168 quod
846 3090 1129 3170 praestet
1174 3087 1356 3151 tarde
1391 3087 1703 3171 polliceri.
1777 3088 2036 3151 tandem
2075 3088 2256 3171 quasi
2294 3093 2552 3152 coactus
2591 3095 2655 3152 et
2691 3107 2722 3154 2

276 3211 335 3252 ιε
363 3213 636 3274 querens
682 3191 979 3256 miseram
1028 3198 1093 3257 et
1140 3215 1473 3258 onerosam
1521 3195 1774 3280 iniungi
1813 3195 1935 3259 sibi
1975 3195 2368 3279 seruitutem,
2415 3195 2656 3279 recepit

359 3297 727 3383 imperium3
782 3321 897 3363 nec
952 3305 1166 3364 tamen
1222 3300 1434 3385 aliter,
1490 3323 1685 3384 quam
1739 3305 1812 3366 ut
1860 3302 2296 3385 depositurum
2347 3322 2415 3365 se
2462 3323 2654 3384 quan-

346 3389 569 3486 'doque
615 3426 795 3488 spem
841 3405 1094 3470 faceret.
1180 3407 1383 3490 ipsius
1424 3407 1620 3471 uerba
1659 3415 1833 3473 sunt:
1881 3409 2052 3472 dum
2099 3409 2399 3471 ueniam
2447 3408 2534 3472 ad
2580 3408 2656 3471 id

505 3656 570 3704 15
586 3667 704 3719 sqq.
744 3652 899 3720 Epic.
921 3655 976 3717 2,
994 3657 1030 3706 6
1058 3652 1299 3721 denique
1329 3652 1579 3707 delatum
1600 3669 1635 3706 a
1655 3654 1910 3722 patribus
1929 3653 2326 3723 principatum,
2357 3653 2507 3722 quod
2527 3653 2651 3721 qui-

358 3731 487 3785 dem
516 3735 644 3785 astu
671 3731 902 3798 fecerat,
942 3732 1069 3786 ficte
1100 3733 1362 3800 abnuere,
1391 3733 1529 3801 quid
1558 3733 1769 3803 singuli
1798 3734 2050 3788 dicerent
2079 3733 2170 3786 uel
2203 3733 2477 3787 sentirent
2504 3737 2652 3787 atro-

357 3810 498 3864 citer
527 3811 839 3880 explorans,
869 3829 1015 3880 quae
1045 3829 1131 3866 res
1162 3813 1337 3867 bonos
1366 3829 1615 3882 quosque
1646 3813 2046 3883 pessumdedit.
2084 3815 2153 3880 cf.
2189 3815 2370 3868 Victor
2392 3815 2538 3868 Caes.
2551 3818 2649 3880 2,1

504 4039 536 4085 3
574 4031 699 4086 iura
731 4034 781 4088 G
920 4033 1227 4088 tribunicia
1258 4037 1329 4088 M
1472 4042 1505 4088 4
1545 4035 1870 4107 derepente]
1911 4036 1980 4088 de
2018 4051 2075 4088 re
2104 4055 2148 4089 r.
2185 4036 2234 4090 G
2372 4043 2403 4090 5
2444 4036 2542 4089 sed
2572 4039 2651 4106 et]

358 4113 457 4166 sed
500 4115 595 4178 Μ,
641 4114 741 4167 sed
778 4117 842 4168 ut
885 4117 977 4170 To
1016 4116 1099 4183 (in
1132 4115 1231 4170 hoc
1267 4115 1394 4170 add.
1436 4114 1606 4170 etiam
1641 4124 1766 4182 post
1804 4115 2053 4184 spiritus)
2229 4122 2258 4168 9
2299 4118 2475 4185 atrox]
2520 4115 2653 4168 sini-

360 4197 481 4246 stra
519 4194 624 4262 HQ
667 4201 717 4248 et
748 4212 853 4263 pro
890 4213 944 4248 u.
977 4197 1009 4249 l.
1042 4195 1097 4248 R
1273 4202 1331 4247 11
1373 4211 1439 4248 ex
1476 4200 1638 4264 parte
1675 4195 1815 4248 mihi
1858 4197 1907 4250 G
2081 4198 2238 4249 sexta
2278 4197 2538 4250 Cuiacius
2577 4199 2650 4264 (u.

359 4276 503 4343 Any.
536 4279 641 4327 101
671 4292 730 4342 p.
764 4279 889 4340 116,
911 4279 999 4342 17)
1179 4281 1242 4328 16
1273 4291 1478 4346 augere
1512 4276 1559 4330 G
1725 4277 1883 4342 prius
1920 4279 1977 4328 et
2005 4277 2104 4329 del.
2138 4277 2386 4344 Bentley,
2418 4278 2654 4345 Madv-iq

359 4360 427 4406 18
456 4351 625 4406 mimo
664 4355 713 4408 Ι.
728 4353 798 4407 F.
816 4355 1083 4420 Gronov„
1130 4354 1315 4408 animo
1354 4357 1407 4407 ,Ω
1577 4357 1843 4425 ignorans
1887 4356 1936 4410 G
2112 4361 2177 4408 19
2215 4354 2406 4409 bellua
2449 4357 2656 4411 MV¹T

358 4437 425 4486 23
465 4433 564 4486 sed
594 4433 703 4504 HQ
739 4439 789 4488 et
819 4451 925 4503 pro
962 4453 1017 4488 u.
1049 4437 1081 4489 l.
1116 4435 1186 4500 R,
1234 4451 1291 4488 se
1330 4438 1387 4488 et
1429 4436 1490 4501 O,
1529 4441 1615 4488 set
1655 4436 1750 4502 1²²,
1798 4453 1856 4489 se
1893 4437 1986 4489 rel.
2019 4439 2132 4503 (Ω),
2177 4436 2278 4488 del.
2313 4437 2540 4503 Lipsius
2576 4439 2650 4490 al.

356 4515 484 4579 sort.
513 4521 651 4568 recte
840 4521 907 4568 24
945 4514 1106 4568 tarde
1144 4517 1297 4583 pstet
1333 4514 1598 4584 pollicere
1641 4517 1690 4569 G
1890 4521 1955 4568 25
1993 4515 2196 4583 recipit
2235 4517 2345 4569 LP
2378 4517 2650 4586 (Bentley)

360 4597 425 4645 27
464 4593 568 4646 hec
597 4600 725 4662 post
762 4596 893 4646 sunt
930 4595 1205 4653 ad‹1.L³‹;
1244 4597 1434 4666 (may.)
