3259 5209
1224 455 1466 512 GALBA
1505 467 1637 517 [cu.
1665 467 1791 518 4—'11
2526 457 2659 523 275

351 621 662 708 praefuit3
717 643 870 686 mox
923 623 1324 688 consulatum
1382 643 1499 705 per
1545 641 1657 684 sex
1711 641 1962 686 menses
2023 620 2415 684 ordinarium
2460 621 2662 706 gessit

353 729 701 813 euenitque
745 733 819 794 ut
867 728 932 792 in
979 749 1054 791 eo
1103 728 1242 813 ipse
1287 727 1399 792 †L.
1438 726 1729 792 Domitio
1776 727 1942 810 patri
1990 725 2297 811 Neronis,
2351 727 2478 810 ipsi
2526 723 2659 791 Sal-

353 836 502 900 uius
563 833 736 900 Otho
807 839 990 920 pater
1050 833 1327 899 Othonis
1389 833 1779 918 succederet,
1851 835 2032 899 uelut
2100 833 2505 920 praesagium
2565 833 2659 897 in-

353 943 684 1026 sequentis
733 964 945 1027 casus,
1001 963 1128 1026 quo
1177 941 1424 1006 medius
1471 942 1640 1006 inter
1684 941 2019 1025 utriusque
2064 939 2235 1005 filios
2281 941 2502 1005 extitit
2546 941 2659 1005 im-

299 1077 326 1115 5
357 1054 631 1133 perator.

534 1155 596 1220 A
643 1154 800 1220 Gaio
850 1154 1116 1222 Caesare
1163 1156 1204 1238 <
1207 1205 1398 1220 ......
1462 1155 1530 1219 in
1575 1153 1790 1220 locum
1839 1153 2194 1238 Gaetu>lici
2252 1154 2660 1238 substitutus,
2698 1173 2729 1220 a

355 1265 667 1347 postridie
696 1286 887 1347 quam
919 1263 998 1327 ad
1027 1263 1314 1347 legiones
1342 1263 1541 1345 uenit,
1569 1261 1865 1326 sollemni
1893 1261 2060 1326 forte
2091 1262 2455 1346 spectaculo
2486 1261 2661 1344 plau-

357 1369 580 1434 dentes
625 1369 910 1435 inhibuit
945 1369 1095 1434 data
1136 1374 1394 1454 tessera,
1439 1372 1515 1434 ut
1559 1391 1786 1433 manus
1826 1368 2193 1453 paenu1a[s]
2233 1369 2661 1452 continerent3

358 1477 702 1560 statimque
751 1499 866 1560 per
911 1481 1118 1540 castra
1165 1477 1470 1540 iactatum
1519 1481 1615 1540 est
1662 1477 1701 1554 <
1710 1476 1772 1538 F
1768 1475 1893 1540 PR
1932 1497 1995 1556 p.
2033 1477 2227 1558 369>:

270 1627 327 1668 ιο
475 1610 687 1675 disce
733 1611 953 1675 miles
1000 1611 1365 1674 militare:
1415 1607 1652 1673 Galba
1700 1613 1841 1692 est,
1886 1631 2037 1672 non
2084 1606 2549 1674 Gaetulicus,

357 1744 496 1826 pari
544 1745 885 1807 seueritate
924 1743 1256 1807 interdixit
1302 1748 1698 1808 commeatus
1736 1744 1888 1826 peti.
1971 1747 2345 1807 ueteranum
2388 1765 2463 1808 ac
2508 1744 2659 1807 tiro-
2698 1761 2730 1809 3

359 1871 501 1913 nem
552 1851 825 1914 militem
873 1872 1062 1934 opere
1119 1849 1376 1914 assiduo
1436 1849 1880 1914 corroborauit
1934 1854 2309 1934 matureque
2356 1849 2661 1932 barbarie,

359 1958 472 2042 qui
526 1959 656 2021 iam
717 1957 786 2020 in
846 1954 1120 2020 Galliam
1181 1978 1382 2039 usque
1447 1959 1897 2040 proruperant,
1958 1957 2279 2037 coercitis,
2340 1958 2661 2040 praesenti

361 2085 617 2148 quoque
675 2061 832 2128 Gaio
891 2065 1085 2127 talem
1142 2067 1206 2127 et
1262 2085 1328 2126 se
1385 2067 1450 2126 et
1496 2065 1845 2127 exercitum
1902 2063 2312 2147 approbauit‚
2374 2066 2447 2125 ut
2492 2063 2661 2127 inter

270 2195 329 2235 ιτ,
358 2172 724 2234 innumeras
771 2174 1260 2253 contractasque
1311 2192 1388 2234 ex
1435 2170 1736 2235 omnibus
1791 2169 2143 2253 prouinciis
2189 2171 2405 2253 copias
2451 2192 2661 2254 neque

357 2276 800 2341 testimonium
860 2299 1067 2360 neque
1126 2275 1413 2360 praemia
1473 2277 1787 2359 ampliora
1848 2277 1963 2340 ulli
2026 2277 2453 2360 perciperent3
2522 2278 2661 2361 ipse

357 2384 633 2446 maxime
679 2383 980 2469 insignis,
1035 2385 1208 2467 quod
1257 2388 1677 2467 campestrem
1730 2383 2169 2448 decursionem
2217 2388 2400 2448 scuto
2448 2384 2660 2448 mode-

356 2494 563 2571 ratus,
637 2491 830 2554 etiarn
896 2491 974 2554 ad
1041 2492 1332 2555 essedum
1401 2490 1807 2574 imperatoris
1875 2511 1991 2573 per
2053 2490 2288 2576 uiginti
2357 2512 2659 2573 passuum

357 2597 540 2661 milia
585 2599 878 2661 cucurrit.

275 2727 331 2766 2⁰
539 2701 742 2768 Caede
790 2701 908 2767 Gai
963 2705 1260 2768 nuntiata
1304 2705 1526 2768 multis
1583 2703 1663 2767 ad
1720 2704 2118 2768 occasionem
2176 2705 2655 2769 stimulantibus
2690 2703 2727 2769 ’7

360 2811 644 2893 quietem
699 2810 1021 2893 praetulit.
1118 2834 1231 2894 per
1275 2811 1401 2875 hoc
1457 2811 1859 2896 gratissimus
1918 2809 2186 2874 Claudio
2234 2817 2659 2895 receptusque

359 2917 428 2980 in
475 2917 805 2981 cohortem
844 2917 1194 2982 amicorum
1243 2922 1456 2981 tantae
1497 2917 1889 3003 dignationis
1929 2921 2026 2980 est
2070 2917 2348 3000 habitus,
2394 2922 2468 2982 ut
2513 2940 2659 2981 cum

359 3022 574 3086 subita
621 3024 679 3086 ei
725 3023 1015 3089 ualitudo
1053 3046 1172 3089 nec
1217 3024 1375 3087 adeo
1415 3025 1631 3109 grauis
1672 3023 2018 3106 incidisset,
2066 3024 2302 3087 dilatus
2345 3025 2429 3088 sit
2476 3047 2658 3107 expe-

360 3130 624 3193 ditionis
660 3129 1067 3195 Britannicae
1103 3131 1253 3195 dies.
1335 3129 1620 3194 Africam
1662 3153 1779 3213 pro
1811 3131 2071 3195 consule
2107 3130 2366 3193 biennio
2408 3132 2659 3214 optinu-

505 3320 572 3366 10
609 3315 764 3384 Epit.
794 3319 892 3378 633
930 3317 1061 3367 ante
1101 3317 1383 3383 sumptam
1423 3315 1864 3368 dominationem
1901 3314 2109 3368 multas
2146 3314 2466 3384 prouincias
2504 3331 2660 3384 egre-

358 3395 450 3463 gie
499 3394 947 3460 administrauit,
1010 3394 1248 3448 militem
1304 3395 1655 3448 seuerissime
1710 3398 1988 3460 tractans,
2050 3395 2132 3448 ita
2188 3397 2251 3448 ut
2296 3395 2547 3463 ingresso
2595 3412 2659 3447 eo

359 3473 916 3608 pglsziizrtaspulgaretur
954 3475 1172 3528 statim:
1235 3475 1412 3528 ‘disce
1459 3474 1707 3528 militare
1741 3474 1927 3542 miles,
1982 3473 2164 3528 Galba
2202 3479 2312 3538 est,
2368 3491 2479 3528 non
2518 3474 2661 3528 Gae-

505 3715 532 3760 1
579 3707 698 3777 sex]
737 3725 792 3759 v1
825 3706 949 3774 GR,
988 3709 1102 3758 tres
1139 3708 1215 3764 Τς
1371 3713 1402 3758 2
1441 3706 1591 3760 lucio
1626 3707 1696 3769 G,
1734 3705 1918 3760 debuit
1957 3704 2050 3758 Cn.
2094 3709 2192 3774 (sic
2225 3708 2275 3760 T
2270 3709 2419 3776 orn),
2458 3725 2533 3759 an
2572 3707 2660 3760 de-

361 3788 580 3842 lendum
608 3784 710 3839 L..2
827 3792 860 3838 4
898 3786 1051 3853 quod
1078 3787 1186 3854 HQ
1296 3791 1326 3838 6
1367 3785 1600 3839 Caesare
1641 3786 1739 3839 del.
1773 3787 2003 3855 Bentley
2120 3785 2216 3838 lici
2250 3787 2388 3851 MX,
2426 3784 2558 3839 licio
2591 3787 2660 3852 G,

358 3867 484 3920 licis
515 3867 630 3936 (-iis
659 3868 736 3935 R)
769 3869 834 3932 Τ,
871 3865 1002 3920 licie
1032 3869 1127 3937 (-e)
1163 3867 1267 3924 03:
1309 3868 1539 3920 lacunae
1566 3867 1902 3934 supplendae
1931 3867 2075 3933 quod
2104 3866 2341 3920 Rothius
2370 3869 2660 3935 proposuit

361 3946 464 4019 <in
499 3946 688 4000 locum
718 3945 1046 4019 Gaetu>lici
1073 3963 1184 4001 non
1212 3948 1460 4013 sufficere
1489 3947 1771 4015 perspexit
1800 3946 2035 4014 Madvig]
2074 3946 2282 4000 addens
2318 3946 2379 3998 in
2417 3946 2658 4000 admini-

361 4026 634 4080 stratione
671 4027 944 4080 exercitus
984 4026 1303 4080 Germanici
1341 4029 1550 4095 (malim
1587 4027 1810 4096 legatus
1851 4025 2183 4079 Germaniae
2221 4026 2539 4094 superioria,
2586 4027 2655 4091 cf.

360 4107 548 4178 Herm.
580 4111 652 4162 36
685 4123 738 4174 p.
769 4109 925 4174 2903
976 4125 1002 4160 e
1031 4107 1318 4176 prioribus
1356 4105 1651 4160 Gaetulico
1690 4108 1929 4177 leyerant
1966 4106 2273 4175 Stephanus
2311 4107 2657 4174 (Turnebus),

362 4186 642 4241 Gaetulici
681 4187 804 4240 uice
843 4189 1113 4241 Heinsius
1271 4185 1517 4240 subtitus
1555 4186 1864 4255 posteridie
1895 4188 1970 4240 M
2109 4191 2140 4238 8
2180 4203 2377 4239 manus
2414 4185 2659 4254 paenula

363 4267 694 4332 Salmasius,
759 4285 955 4320 manus
1010 4266 1282 4336 paenulas
1337 4267 1430 4335 (-is
1475 4267 1640 4334 OST)
1682 4268 1857 4320 MXT
1894 4267 2012 4334 (Ω),
2068 4281 2239 4318 manu
2294 4263 2565 4333 paenulas
2608 4265 2659 4319 G

361 4347 606 4416 (Becker)
746 4352 808 4400 11
850 4350 1192 4400 commeatus
1231 4347 1497 4399 ueterano
1537 4347 1647 4413 (uel
1676 4345 1823 4414 mis).
1888 4347 1971 4398 Ac
2001 4346 2231 4413 Bentley
2379 4350 2442 4398 13
2482 4343 2659 4412 gallia

363 4427 548 4482 MGX
693 4443 869 4494 usque
908 4443 1132 4496 quaque
1168 4443 1409 4495 prorupe
1443 4425 1492 4480 G
1650 4431 1715 4479 14
1755 4429 1812 4479 et
1850 4443 1907 4479 se
1947 4426 2026 4495 et]
2066 4429 2124 4480 et
2162 4443 2218 4478 se
2252 4425 2421 4493 MH¹‚
2461 4441 2581 4479 esse
2615 4426 2661 4495 Q

365 4513 428 4560 18
485 4507 813 4576 imperatori
871 4509 1102 4578 Bentley
1328 4512 1396 4559 20
1453 4506 1802 4559 occasionem
1860 4506 2287 4578 (captandam)
2350 4506 2413 4560 G.
2457 4507 2661 4561 Becker

362 4593 430 4642 23
469 4587 695 4642 sublata
727 4588 779 4642 G

2129 4675 2231 4728 18*
