3259 5209
527 1048 577 1113 6

525 1706 561 1750 2

602 461 736 524 234
1273 463 1328 516 C.
1369 463 1683 518 SVETONI
1720 461 2163 528 TRANQVILLI

603 625 886 708 praemia
932 625 1002 688 in
1045 630 1374 708 posterum
1424 627 1655 690 sanxit.
1733 626 2086 691 maiestatis
2134 647 2391 708 quoque
2448 631 2511 688 et
2558 623 2905 688 adulterio-

603 753 743 794 rum
802 733 1153 814 incestique
1213 753 1356 796 cum
1416 754 1635 796 sorore
1688 733 1933 817 Lepida
1988 732 2106 796 sub
2166 754 2431 796 excessu
2476 731 2693 796 Tiberi
2738 752 2905 810 reuS‚

602 839 960 902 mutatione
1015 843 1380 922 temporum
1429 841 1635 903 euasit
1692 841 2088 923 decessitque
2134 839 2365 924 Pyrgis
2423 837 2651 902 morbo
2700 859 2905 920 aquae

603 944 958 1026 intercutiS,
996 943 1248 1008 sublato
1289 945 1425 1010 filio
1463 945 1721 1011 Nerone
1748 968 1827 1010 ex
1857 946 2219 1030 Agrippina
2248 943 2625 1008 Germanico
2666 943 2901 1028 genita.

783 1049 958 1115 Nero
1004 1056 1194 1115 natus
1242 1055 1338 1115 est
1385 1052 1542 1116 Anti
1591 1058 1741 1136 post
1778 1051 1987 1116 VIIII.
2033 1074 2319 1116 mensem
2367 1074 2561 1134 quam
2606 1049 2903 1114 Tiberius

603 1159 890 1240 excessit,
937 1155 1175 1221 XVIII.
1225 1157 1366 1222 Kal.
1413 1156 1545 1222 Ian.
1594 1163 1848 1222 tantum
1899 1160 2071 1242 quod
2118 1158 2444 1223 exoriente
2491 1159 2653 1238 sole,
2700 1179 2902 1240 paene

602 1269 675 1327 ut
730 1265 927 1328 radiis
982 1267 1160 1349 prius
1219 1287 1410 1348 quam
1469 1270 1639 1329 terra
1695 1267 2191 1350 contingeretur.
2277 1265 2353 1329 de
2412 1265 2709 1350 genitura
2763 1265 2901 1326 eius

603 1372 818 1434 statim
877 1374 1081 1436 multa
1134 1377 1201 1435 et
1264 1372 1688 1436 formidulosa
1751 1373 1975 1437 multis
2041 1371 2507 1437 coiectantibus
2564 1372 2899 1455 praesagio

600 1479 726 1542 fuit
772 1479 966 1541 etiam
1005 1477 1338 1562 Domiti[i]
1388 1481 1590 1561 patris
1641 1501 1789 1562 uox,
1837 1481 2003 1543 inter
2042 1479 2505 1564 gratulationes
2543 1477 2895 1541 amicorum

598 1586 954 1668 negantis
989 1586 1394 1668 quicquam
1433 1609 1518 1648 ex
1560 1608 1635 1649 se
1672 1590 1747 1649 et
1776 1584 2210 1671 Agrippina
2244 1585 2397 1648 nisi
2437 1584 2899 1647 detestabile

600 1695 673 1753 et
719 1691 916 1756 malo
956 1691 1268 1774 publico
1315 1693 1525 1756 nasci
1565 1694 1931 1775 potuisse.
2015 1692 2298 1756 eiusdem
2340 1692 2594 1754 futurae
2634 1690 2899 1754 infelici-

600 1800 751 1861 tatis
791 1799 1047 1882 signum
1085 1797 1346 1862 euidens
1375 1799 1476 1861 die
1509 1800 1776 1862 lustrico
1806 1799 2047 1882 extitit3
2074 1822 2225 1862 nam
2257 1797 2321 1862 C.
2354 1797 2601 1878 Caesar,
2630 1801 2899 1881 rogante

601 1927 817 1969 sorore
864 1908 937 1968 ut
984 1904 1215 1968 infanti
1261 1905 1436 1987 quod
1481 1907 1677 1970 uellet
1720 1928 1957 1969 nomen
2006 1907 2210 1989 daret,
2258 1907 2513 1970 intuens
2560 1904 2899 1968 Claudium

600 2017 900 2094 patruum
939 2035 1144 2094 suum,
1190 2033 1227 2074 a
1275 2034 1402 2094 quo
1441 2034 1592 2076 mox
1631 2013 1920 2096 principe
1958 2012 2133 2076 Nero
2181 2009 2525 2096 adoptatus
2573 2016 2689 2094 est,
2735 2011 2898 2074 eius

600 2141 675 2182 se
722 2119 883 2182 dixit
931 2118 1137 2201 dare,
1182 2140 1390 2202 neque
1438 2119 1576 2202 ipse
1615 2121 1781 2184 serio
1830 2120 1939 2182 sed
1986 2143 2099 2204 per
2147 2120 2359 2184 iocum
2407 2123 2471 2182 et
2518 2121 2899 2201 aspernante

603 2223 980 2308 Agrippina,
1029 2225 1198 2308 quod
1248 2228 1384 2288 tum
1427 2223 1731 2290 Claudius
1779 2227 1945 2290 inter
1990 2227 2267 2290 ludibria
2314 2225 2496 2290 aulae
2543 2228 2695 2288 erat.

777 2330 1101 2395 Trimulus
1149 2336 1394 2414 patrem
1443 2334 1684 2417 amisit3
1743 2334 1924 2398 cuius
1972 2356 2049 2396 ex
2096 2337 2277 2418 parte
2326 2333 2516 2396 tertia
2561 2333 2773 2413 heres,
2818 2353 2900 2393 ne

600 2438 765 2500 hanc
813 2437 1068 2519 quidem
1127 2439 1441 2522 integram
1498 2441 1669 2522 cepit
1726 2442 2035 2524 correptis
2081 2463 2196 2524 per
2242 2439 2617 2504 coheredem
2668 2436 2897 2501 Gaium

599 2543 919 2606 uniuersis
965 2543 1170 2607 bonis
1256 2550 1319 2608 et
1367 2546 1637 2609 subinde
1676 2552 1878 2610 matre
1916 2549 2110 2611 etiam
2149 2549 2433 2630 relegata
2470 2569 2672 2629 paene
2710 2546 2897 2628 inops

599 2655 791 2733 atque
846 2671 1040 2734 egens
1096 2652 1268 2734 apud
1325 2653 1588 2716 amitam
1637 2653 1947 2737 Lepidam
2003 2655 2285 2718 nutritus
2332 2658 2431 2716 est
2478 2653 2596 2716 sub
2645 2652 2897 2715 duobus

598 2757 988 2842 paedagogis
1037 2759 1337 2822 saltatore
1385 2763 1576 2842 atque
1623 2763 1898 2824 tonsore.
1981 2783 2206 2824 uerum
2247 2759 2515 2824 Claudio
2556 2758 2897 2841 imperium

599 2863 829 2947 adepto
889 2884 1023 2928 non
1081 2864 1290 2928 solum
1352 2868 1652 2948 paternas
1714 2889 1867 2950 opes
1928 2868 2337 2951 reciperauit,
2399 2865 2507 2930 sed
2564 2869 2629 2928 et
2686 2863 2895 2946 Crispi

598 2970 886 3034 Passieni
941 2972 1158 3035 uitrici
1216 2973 1315 3036 sui
1373 2973 1722 3036 hereditate
1779 2975 2017 3038 ditatus
2074 2979 2187 3037 est.
2272 2975 2479 3059 gratia
2526 2971 2784 3055 quidem
2831 2977 2897 3035 et

599 3079 889 3160 potentia
943 3082 1278 3142 reuocatae
1332 3081 1797 3162 restitutaeque
1852 3082 2074 3145 matris
2130 3102 2333 3163 usque
2388 3102 2465 3144 eo
2524 3079 2769 3160 floruit,
2820 3081 2897 3140 ut

598 3190 922 3248 emanaret
978 3187 1044 3248 in
1090 3187 1326 3272 uulgus
1381 3188 1612 3250 missos
1662 3210 1699 3250 a
1752 3187 2097 3252 Messalina
2142 3209 2341 3252 uxore
2388 3185 2726 3269 Claudi[i],
2781 3185 2895 3268 qui
2926 3229 2953 3243 .-

597 3314 742 3355 eum
798 3292 1269 3373 meridiantem,
1333 3295 1517 3375 quasi
1572 3292 1932 3358 Britannici
1987 3296 2336 3376 aemulum,
2400 3293 2895 3378 strangularent.

597 3398 884 3462 additum
933 3399 1186 3463 fabulae
1233 3399 1349 3461 †ad
1396 3400 1652 3462 eosdem
1700 3401 1973 3464 dracone
2019 3424 2053 3464 e
2100 3403 2366 3484 puluino
2420 3422 2485 3463 se
2532 3400 2895 3483 proferente

743 3587 772 3632 3
815 3582 1090 3634 Einhard.
1123 3585 1157 3633 3
1195 3581 1388 3634 morbo
1427 3599 1607 3648 aquae
1646 3583 1939 3638 intercutis
1978 3586 2128 3639 diem
2166 3585 2323 3638 obiit.
2517 3591 2548 3636 4
2592 3583 2745 3652 Epic.
2777 3589 2829 3648 5,
2862 3589 2893 3636 1

597 3663 756 3729 patre
795 3661 1043 3713 Domitio
1083 3661 1413 3714 Aenobarbo
1461 3663 1713 3730 genitus,
1756 3668 1935 3718 matre
1974 3666 2303 3735 Agrippina.
2488 3669 2519 3717 5
2557 3665 2627 3730 cf.
2661 3664 2893 3731 Capitol.

611 3743 780 3794 Verus
811 3747 859 3804 1,
889 3745 926 3794 8
963 3744 1129 3794 natus
1167 3743 1254 3794 est
1293 3785 1302 3794 .
1338 3786 1348 3796 .
1381 3784 1392 3794 .
1433 3741 1611 3796 XVIII
1650 3744 1737 3798 Kl.
1776 3744 2161 3798 Ianuariarum
2201 3744 2309 3809 die,
2348 3761 2457 3812 quo
2496 3746 2555 3796 et
2590 3742 2756 3796 Nem.

745 3919 770 3964 1
813 3911 1022 3981 sanxit]
1062 3911 1205 3964 dixit
1236 3914 1479 3982 Lipsius,
1520 3913 1701 3965 suasit
1734 3915 1909 3967 Polalc
2108 3921 2138 3964 ὀ
2180 3913 2314 3966 Anti
2346 3913 2491 3966 Roth
2529 3912 2706 3981 (Antii
2756 3913 2893 3965 Tur-

595 3995 768 4047 nebus
795 3999 844 4046 et
879 3994 958 4046 sic
995 4009 1166 4045 manu
1193 4010 1294 4047 rec.
1325 3995 1663 4061 adscriptum
1694 3996 1755 4046 in
1784 3996 1881 4062 P),
1922 3997 2051 4046 ante
2074 3997 2125 4046 Ω
2242 3997 2372 4061 post
2400 4011 2501 4046 om.
2532 3996 2578 4046 Τ
2684 4009 2892 4046 nonum

601 4073 778 4138 GRT,
819 4088 1019 4125 nouem
1050 4075 1118 4140 (et
1147 4080 1260 4126 tum
1289 4077 1526 4140 menses)
1559 4075 1616 4125 Π
1625 4091 1657 4131 ς
1697 4075 1888 4142 (uuly.)
1998 4080 2030 4128 8
2068 4073 2432 4126 formidolosa
2452 4075 2521 4138 Ω,
2559 4073 2629 4138 cf.
2654 4075 2797 4142 Any.
2819 4077 2891 4126 91

601 4161 662 4206 11
707 4153 998 4206 felicitatis
1031 4161 1156 4221 post
1203 4153 1462 4207 Ursini-um
1499 4155 1661 4206 „culti
1773 4161 1837 4206 14
1876 4155 2100 4221 patrum
2134 4155 2217 4217 M,
2257 4156 2473 4221 patrem
2508 4152 2554 4221 Q
2676 4157 2739 4205 17
2776 4154 2892 4204 tre-

595 4234 781 4286 mulus
818 4239 876 4299 T,
915 4251 1051 4286 corr.
1083 4233 1166 4286 Π2
1311 4240 1375 4286 21
1415 4250 1551 4286 uero
1591 4234 1816 4287 claudio
1850 4236 1932 4298 M,
1973 4233 2196 4286 claudio
2234 4248 2366 4286 uero
2401 4233 2489 4286 G&
2634 4237 2702 4286 25
2740 4247 2891 4285 ema-

597 4316 748 4366 narit
777 4317 1007 4382 Lipsius
1159 4313 1496 4376 messalama
1535 4315 1652 4383 (sic)
1684 4315 1758 4367 M
1904 4329 2077 4366 uxore
2116 4312 2337 4366 Claudii
2374 4319 2623 4380 suspecta
2660 4312 2893 4366 Polakio

597 4436 666 4483 26
703 4407 1014 4483 britanic¹ae
1053 4429 1292 4482 multum
1319 4433 1388 4484 M
1415 4429 1455 4497 (i
1483 4447 1551 4483 ss.
1583 4447 1651 4482 m.
1672 4433 1729 4489 2)
1876 4435 1942 4481 27
1984 4430 2057 4481 ad
2088 4430 2283 4495 MLP,
2320 4431 2382 4482 at
2412 4429 2463 4482 G
2491 4428 2696 4496 (Rom),
2736 4432 2797 4481 et
2830 4431 2891 4493 Τ,

597 4529 695 4564 om.
734 4513 822 4564 OS
833 4513 878 4563 T
909 4519 1063 4578 (recte
1093 4513 1278 4578 puto),
1327 4513 1411 4563 est
1455 4527 1588 4576 pars
1635 4509 1752 4562 edd.
1786 4517 1910 4577 post
1952 4509 2131 4578 Luyd.
2163 4527 2213 4560 α.
2247 4513 2387 4562 1544
2426 4507 2649 4576 (addita
2694 4506 2890 4561 fabula

595 4593 684 4642 est
705 4591 984 4657 Lipsius-l:
1024 4593 1084 4643 at
1105 4592 1231 4643 bene
1259 4607 1312 4644 se
1339 4592 1494 4642 habet
1527 4591 1694 4642 deleto
1724 4589 1982 4642 additum
2010 4587 2236 4641 fabulae
2267 4591 2355 4656 (cf.
2378 4589 2567 4642 Herm.
2589 4593 2662 4641 40
2680 4605 2740 4656 p.
2760 4593 2891 4652 186)

2938 1609 2997 1647 1⁰

2936 2140 2997 2180 15

2930 2673 2997 2712 20
