3259 5209
1141 435 1474 490 TIBERIVS
1514 447 1646 496 [car.
1677 447 1852 496 24—28]
2523 435 2652 500 135

342 599 523 662 cerni
580 597 705 662 sibi
758 597 1120 682 prohibuit,
1178 599 1373 662 etiam
1428 600 1674 662 statuas
1721 603 1914 682 atque
1971 598 2284 685 imagines
2329 599 2454 663 nisi
2508 621 2651 683 per-

343 706 649 769 mittente
704 727 772 769 se
825 705 1008 788 poni:
1074 704 1493 792 permisitque
1550 725 1625 768 ea
1681 703 1819 768 sola
1879 704 2282 788 condicione,
2340 727 2420 770 ne
2481 706 2651 770 inter

344 811 694 876 simulacra
756 811 1020 876 deorum
1086 812 1199 875 sed
1261 812 1431 875 inter
1494 815 1873 876 ornamenta
1927 811 2182 876 aedium
2237 815 2648 896 ponerentur.

345 917 710 982 intercessit
757 920 821 982 et
866 939 996 1002 quo
1046 917 1258 981 minus
1304 917 1375 981 in
1418 921 1561 980 acta
1608 937 1726 981 sua
1771 917 2118 1002 iuraretur,
2175 923 2240 983 et
2284 941 2365 982 ne
2411 919 2650 984 mensis
2692 935 2726 982 2

288 1049 317 1090 ⁶
347 1023 733 1109 September
785 1023 1109 1108 Tiberius,
1166 1022 1448 1089 October
1492 1023 1718 1088 Liuius
1773 1029 2174 1089 uocarentur.
2257 1047 2650 1110 praenomen

344 1153 605 1215 quoque
651 1131 1059 1215 imperatoris
1107 1152 1591 1218 cognomenque
1638 1131 1843 1215 patris
1880 1131 2128 1215 patriae
2165 1136 2229 1196 et
2267 1133 2540 1197 ciuicam
2579 1134 2648 1197 in

342 1238 671 1303 uestibulo
728 1259 1032 1302 coronam
1087 1238 1433 1322 recusauit3
1493 1260 1567 1302 ac
1621 1259 1702 1302 ne
1748 1237 2032 1325 Augusti
2088 1239 2349 1322 quidem
2395 1261 2650 1322 nomen,

344 1367 716 1429 quanquam
762 1344 1245 1428 hereditarium,
1292 1344 1489 1409 nullis
1536 1345 1662 1409 nisi
1709 1344 1790 1408 ad
1836 1367 2019 1432 reges
2065 1367 2138 1409 ac
2177 1346 2479 1428 dynastas
2519 1346 2650 1430 epi-

344 1452 535 1515 stulis
581 1451 841 1516 addidit.
925 1473 1041 1516 nec
1088 1451 1365 1534 amplius
1411 1473 1605 1535 quam
1654 1474 1806 1517 mox
1843 1457 1973 1516 tres
2012 1453 2399 1537 consulatue,
2445 1475 2650 1517 unum

256 1583 315 1625 ιο
342 1559 569 1642 paucis
617 1558 858 1643 diebuS,
906 1558 1179 1622 alterum
1228 1557 1437 1623 tribus
1483 1557 1830 1642 mensibus,
1875 1559 2141 1624 tertium
2181 1560 2406 1624 absens
2446 1581 2651 1643 usque

346 1667 415 1730 in
464 1664 617 1729 Idus
662 1664 866 1729 Maias
911 1665 1127 1752 gessit.

528 1771 951 1837 Adulationes
1006 1772 1163 1836 adeo
1220 1776 1551 1836 auersatus
1608 1778 1731 1855 est,
1785 1779 1859 1836 ut
1909 1773 2232 1837 neminem
2278 1779 2648 1837 senatorum
2665 1768 2758 1835 27

348 1884 463 1943 aut
508 1879 707 1942 officii
756 1883 867 1942 aut
912 1879 1159 1965 negotii
1206 1900 1397 1943 causa
1434 1879 1514 1943 ad
1551 1879 1846 1944 lecticam
1886 1902 2067 1944 suam
2107 1880 2457 1963 admiserit,
2505 1901 2650 1943 con-

348 1986 629 2050 sularem
682 2007 836 2050 uero
892 1985 1391 2050 satisfacientem
1448 1986 1573 2051 sibi
1629 2007 1704 2050 ac
1759 2008 1874 2070 per
1926 2007 2136 2073 genua
2194 2008 2374 2050 orare
2422 2009 2652 2050 conan-

262 2116 317 2158 1⁵
350 2097 483 2156 tem
540 2092 631 2156 ita
684 2093 1052 2178 suffugerit,
1108 2096 1183 2156 ut
1228 2091 1481 2156 caderet
1536 2094 1832 2177 supinus;
1884 2096 2077 2176 atque
2125 2093 2346 2176 etiam,
2394 2094 2448 2156 si
2495 2093 2652 2177 quid

351 2199 420 2262 in
466 2220 759 2262 sermone
804 2198 909 2263 uel
957 2198 1023 2262 in
1071 2199 1377 2263 continua
1424 2199 1712 2264 oratione
1759 2199 2058 2263 blandius
2094 2199 2172 2264 de
2209 2221 2276 2263 se
2314 2199 2658 2282 diceretur,

350 2327 481 2370 non
532 2305 856 2369 dubitaret
900 2305 1311 2390 interpellare
1352 2327 1427 2369 ac
1464 2306 1930 2390 reprehendere
1969 2310 2032 2370 et
2072 2311 2466 2370 commutare
2505 2327 2654 2370 con·

352 2413 557 2476 tinu0.
642 2411 942 2476 dominus
989 2411 1349 2496 appellatus
1396 2435 1434 2476 a
1480 2413 1759 2495 quodam
1808 2413 2230 2494 denuntiauit,
2279 2434 2357 2477 ne
2403 2434 2472 2476 se
2519 2435 2649 2477 am·

350 2518 525 2602 plius
564 2518 988 2582 contumeliae
1027 2540 1217 2582 causa
1244 2519 1622 2584 nominaret.
1699 2519 1898 2583 alium
1928 2519 2245 2583 dicentem
2275 2541 2484 2584 sacras
2515 2519 2652 2583 eius

262 2649 323 2690 ὀ
354 2625 805 2709 occupationes
852 2629 917 2688 et
961 2647 1181 2689 rursus
1218 2625 1435 2707 alium,
1474 2629 1735 2691 auctore
1773 2647 1849 2690 eo
1889 2630 2181 2690 senatum
2218 2647 2285 2690 se
2325 2625 2654 2710 a[u]disse,

352 2731 551 2796 uerba
604 2736 855 2796 mutare
900 2734 965 2795 et
1007 2753 1125 2815 pro
1173 2737 1433 2796 auctore
1481 2753 1836 2816 suasorem,
1883 2755 2002 2816 pro
2051 2732 2247 2796 sacris
2294 2732 2652 2797 laboriosas
2751 2767 2754 2770 ⁴

355 2837 565 2903 dicere
620 2839 848 2925 coegit.
942 2839 1052 2902 sed
1108 2843 1173 2902 et
1236 2838 1542 2903 aduersus
1607 2839 1899 2903 conuicia
1965 2840 2295 2923 malosque
2360 2860 2650 2902 rumores
2667 2833 2760 2899 28

354 2950 419 3009 et
474 2945 721 3010 famosa
774 2945 852 3009 de
906 2966 972 3010 se
1028 2967 1103 3010 ac
1162 2946 1295 3010 suis
1350 2947 1635 3010 carmina
1689 2946 1914 3010 firmus
1961 2969 2037 3011 ac
2062 2937 2334 3030 'patiens
2383 2945 2654 3009 subinde

354 3051 634 3115 iactabat
672 3051 745 3114 in
784 3052 1108 3117 ciuitate
1146 3051 1397 3116 libera
1440 3053 1785 3138 linguam
1835 3057 2314 3136 mentemque
2362 3051 2652 3116 liberas

266 3180 325 3222 25
354 3179 517 3222 esse
565 3156 865 3242 debere;
920 3162 985 3221 et
1032 3159 1357 3242 quondam
1405 3163 1629 3224 senatu
1685 3160 2122 3246 cognitionem
2171 3159 2246 3222 de
2294 3160 2429 3223 eius
2479 3159 2654 3223 modi

355 3263 730 3329 criminibus
777 3285 851 3328 ac
896 3266 1021 3329 reis
1068 3265 1427 3352 flagitante:
1482 3287 1631 3329 non
1678 3271 2003 3349 tantum,
2059 3266 2288 3350 inquit,
2336 3265 2481 3329 otii
2527 3265 2658 3328 ha-

353 3371 641 3455 bemuS,
687 3375 771 3435 ut
814 3371 1214 3456 implicare
1251 3395 1387 3438 nos
1424 3373 1788 3457 pluribus
1827 3373 2172 3458 negotiis
2221 3371 2653 3456 debeamus3

354 3477 419 3544 si
473 3478 667 3543 hanc
722 3479 1139 3543 fenestram
1196 3479 1696 3564 aperueritis,
1753 3479 1952 3544 nihil
2009 3479 2222 3543 aliud
2277 3479 2400 3565 agi
2459 3478 2657 3544 sine-

501 3711 567 3760 18
604 3707 675 3772 cf.
714 3707 789 3760 aa
826 3708 970 3777 Any.
1002 3711 1074 3760 53

500 3927 531 3974 2
569 3937 641 3973 ne
678 3937 779 3974 om.
814 3921 864 3974 G
989 3926 1019 3972 6
1058 3937 1367 3989 cognomen
1405 3937 1627 3988 quoque
1672 3923 1721 3974 Τ
1838 3925 1870 3974 8
1909 3920 2231 3974 hereditaru
2261 3921 2330 3973 M
2339 3921 2416 3974 ιΠ
2533 3919 2659 3973 nul-

355 4001 444 4055 lus
468 4003 555 4066 M,
592 3999 764 4053 nullis
791 4001 885 4054 rel.
917 4001 1207 4070 (Bentley),
1236 3998 1369 4053 ullis
1398 4002 1519 4057 edd.
1629 4007 1660 4054 9
1690 4001 1841 4072 mox]
1873 4001 2097 4054 omnino
2125 4003 2173 4053 'P
2279 4007 2343 4055 11
2384 4001 2442 4053 in
2463 3999 2654 4072 (Vn)

354 4081 485 4136 idus
518 4081 790 4135 Graevius
972 4085 1037 4133 12
1077 4083 1369 4133 auersatus
1402 4081 1593 4135 LPN
1622 4087 1672 4133 et
1708 4098 1787 4135 stc
1823 4098 1956 4135 cor-r.
1997 4081 2060 4134 in
2101 4081 2152 4134 G
2190 4083 2382 4147 (manu
2419 4083 2656 4148 antiq-ua

354 4168 482 4216 teste
508 4163 583 4232 9),
619 4162 877 4214 uersatus
910 4161 971 4226 V,
1010 4159 1341 4214 aduersatus
1375 4159 1605 4215 MG1T‘
1630 4161 1761 4228 ςΩΡ)
1949 4167 2011 4213 13
2049 4160 2159 4213 nisi
2197 4168 2324 4215 ante
2354 4161 2518 4228 prius
2555 4164 2655 4213 aut

352 4241 485 4296 add.
517 4257 550 4300 ς
588 4240 775 4310 (Oud.)
924 4246 990 4293 14
1028 4239 1137 4293 sibi
1177 4247 1302 4309 post
1339 4256 1523 4311 genua
1560 4242 1814 4295 iteratum
1855 4242 1917 4292 in
1955 4244 2012 4292 X
2154 4245 2216 4293 15
2257 4238 2564 4310 suffugeret
2605 4241 2656 4294 G

361 4327 425 4374 17
466 4321 745 4374 dubitarit
782 4321 1014 4391 Bentley
1159 4326 1227 4373 20
1275 4337 1333 4373 se
1372 4321 1557 4374 adisse
1597 4337 1629 4380 ς
1678 4321 1816 4388 (edd.
1842 4337 1930 4388 pr.
1970 4322 2179 4388 Rom),
2236 4336 2292 4373 se
2340 4319 2564 4372 audisse
2603 4324 2656 4372 Ω

357 4405 439 4470 (se
476 4403 539 4454 in
579 4401 631 4456 G
666 4403 786 4471 aa),
842 4401 1106 4455 statuisse
1147 4403 1450 4456 Mommsen
1623 4407 1691 4454 23
1731 4402 1801 4454 de
1832 4408 1958 4468 post
1995 4415 2060 4453 ac
2099 4402 2262 4454 iterat
2302 4401 2352 4453 V
2515 4400 2656 4452 satis

355 4481 547 4536 firmus
588 4481 657 4536 H
802 4487 875 4533 24
907 4482 1235 4548 mentesque
1269 4479 1421 4535 GN'
1566 4487 1633 4533 25
1672 4481 1958 4547 quoddam
1991 4481 2043 4534 G
2188 4483 2445 4533 senatum
2478 4479 2658 4534 MGO

360 4567 429 4615 26
466 4561 823 4630 flagitantem
864 4564 939 4616 M
944 4563 996 4627 ὃ,
1034 4565 1239 4614 -tatam
1281 4561 1333 4614 G
1478 4559 1802 4614 Notandum
1847 4559 1897 4614 G
