3259 5209
665 411 795 476 258
1367 411 1425 466 c.
1465 411 1781 464 SVETONI
1816 410 2261 476 TRANQVILM

661 574 872 639 larum
945 575 1174 640 domus
1251 575 1610 658 priscorum
1676 576 1910 639 ducum
1974 579 2269 639 arserunt
2340 573 2689 639 hostilibus
2754 575 2961 639 adhuc

665 681 889 766 spoliis
936 681 1280 745 adornatae
1319 681 1709 764 deorumque
1748 681 1933 745 aedes
1976 681 2055 745 ab
2094 680 2353 766 regibus
2390 701 2467 746 ac
2502 681 2731 746 deinde
2768 680 2961 745 Puni-

664 791 756 853 cis
803 792 868 852 et
923 785 1185 852 Gallicis
1239 787 1427 852 bellis
1483 791 1673 852 uotae
1730 788 2210 872 dedicataeque‚
2265 791 2331 852 et
2384 788 2697 871 quidquid
2752 789 2961 852 uisen-

665 896 818 959 dum
864 899 1057 978 atque
1102 893 1518 958 memorabile
1574 917 1653 959 ex
1708 897 2092 978 antiquitate
2138 895 2498 958 durauerat.
2580 894 2705 958 hoc
2754 896 2965 958 incen-

664 1003 838 1067 dium
889 1024 922 1066 e
969 1007 1144 1066 turre
1189 1000 1667 1065 Maecenatiana
1721 1004 2135 1085 prospectans
2191 1001 2525 1084 laetusque
2576 1001 2960 1083 flammae,
3014 1028 3045 1068 5

663 1113 738 1174 ut
774 1109 1002 1191 aiebat,
1038 1107 1620 1192 pulchritudine
1658 1107 1933 1172 Halosin
1970 1106 2077 1172 Ilii
2105 1109 2173 1172 in
2210 1107 2325 1172 illo
2364 1130 2483 1172 suo
2522 1109 2815 1172 scaenico
2853 1108 2965 1171 ha-

593 1235 623 1279 3
664 1216 808 1280 bitu
871 1215 1251 1280 decantauit.
1349 1235 1423 1278 ac
1485 1237 1565 1278 ne
1628 1237 1762 1279 non
1825 1215 1975 1278 hinc
2040 1235 2295 1299 quoque
2361 1218 2675 1298 quantum
2742 1218 2965 1298 posset

662 1323 936 1406 praedae
1001 1327 1064 1386 et
1127 1321 1575 1386 manubiarum
1640 1322 1999 1404 inuaderet,
2060 1323 2389 1405 pollicitus
2452 1321 2837 1385 cadauerum
2898 1325 2967 1384 et

660 1430 961 1493 ruderum
1037 1431 1386 1513 gratuitam
1445 1429 1836 1513 egestionem
1914 1430 2156 1492 nemini
2220 1428 2300 1492 ad
2371 1428 2675 1512 reliquias
2744 1450 2965 1492 rerum

665 1557 923 1600 suarum
979 1535 1152 1599 adire
1207 1536 1525 1619 permisit;
1585 1535 2189 1619 conlationibusque
2246 1557 2379 1599 non
2435 1537 2709 1618 receptis
2766 1534 2965 1598 modo
2998 1562 3051 1601 ιο

660 1665 888 1706 uerum
944 1647 1008 1705 et
1064 1642 1437 1727 efflagitatis
1483 1643 1851 1725 prouincias
1907 1644 2437 1726 priuatorumque
2484 1662 2711 1706 census
2740 1663 2967 1725 prope

559 1745 652 1812 39
663 1749 976 1812 exhausit.
1077 1753 1478 1812 accesserunt
1551 1751 1747 1813 tantis
1812 1771 1891 1812 ex
1964 1750 2253 1833 principe
2325 1748 2512 1812 malis
2578 1749 2969 1832 probrisque

663 1855 975 1938 quaedam
1022 1859 1086 1918 et
1133 1855 1426 1919 fortuita:
1481 1853 1851 1937 pestilentia
1896 1856 2086 1917 unius
2132 1857 2456 1939 autumni,
2513 1876 2641 1937 quo
2689 1857 2969 1940 triginta

661 1961 958 2026 funerum
1007 1961 1187 2025 milia
1233 1963 1300 2025 in
1345 1963 1659 2024 rationem
1699 1959 2020 2024 Libitinae
2067 1965 2411 2044 uenerunt3
2459 1960 2670 2024 clades
2708 1960 2969 2025 Britan-

658 2070 830 2151 nica,
887 2091 1014 2152 qua
1067 2069 1194 2132 duo
1250 2069 1592 2151 praecipua
1650 2068 1885 2150 oppida
1942 2089 2175 2152 magna
2225 2069 2463 2132 ciuium
2512 2069 2967 2151 sociorumque
2998 2095 3049 2133 ιτ,

664 2176 852 2238 caede
900 2174 1150 2256 direpta
1197 2177 1373 2255 sunt3
1420 2175 1777 2258 ignominia
1822 2173 1903 2236 ad
1939 2170 2268 2236 Orientem
2315 2174 2680 2259 legionibus
2727 2177 2796 2238 in
2842 2175 2967 2238 Ar-

662 2283 873 2344 menia
929 2281 1045 2344 1111)
1103 2282 1328 2364 iugum
1385 2281 1598 2343 missis
1646 2301 1963 2364 aegreque
2022 2277 2209 2362 Syria
2261 2284 2527 2344 retenta.
2612 2282 2844 2345 mirum
2896 2285 2965 2346 et

662 2388 765 2450 uel
812 2389 1148 2470 praecipue
1194 2386 1479 2450 notabile
1532 2388 1701 2449 inter
1753 2385 1911 2449 haec
1956 2386 2152 2448 fuerit
2201 2385 2365 2449 nihil
2412 2408 2559 2450 eum
2606 2389 2963 2470 patientius

664 2514 854 2576 quam
903 2492 1243 2556 maledicta
1289 2498 1353 2557 et
1400 2494 1690 2556 conuicia
1734 2490 2071 2554 hominum
2119 2493 2369 2576 tulisse,
2418 2515 2627 2576 neque
2674 2495 2742 2558 in
2788 2493 2961 2558 ullos

661 2599 968 2664 leniorem
1026 2622 1218 2683 quam
1276 2602 1388 2683 qui
1435 2623 1500 2664 se
1549 2600 1736 2662 dictis
1794 2604 1905 2662 aut
1961 2598 2350 2662 carminibus
2396 2600 2807 2664 lacessissent
2855 2622 2962 2664 ex·
2990 2627 3047 2666 20

592 2724 623 2769 2
662 2705 888 2770 titisse.
982 2707 1184 2770 multa
1247 2705 1483 2770 Graece
1546 2705 1900 2788 Latineque
1948 2705 2061 2783 <F
2056 2704 2181 2768 PR
2244 2727 2303 2786 p.
2356 2706 2527 2787 369>
2594 2709 2963 2790 proscripta

662 2815 774 2876 aut
821 2814 1087 2898 uulgata
1135 2817 1304 2896 sunt,
1350 2813 1516 2876 sicut
1563 2811 1701 2875 illa:

807 3055 871 3102 12
916 3051 1064 3104 Ονοε.
1100 3052 1222 3104 VII
1244 3055 1295 3116 7,
1317 3055 1382 3104 11
1430 3066 1559 3103 mox
1596 3049 1907 3102 aceruatim
1954 3048 2214 3101 miseram
2257 3048 2551 3102 ciuitatem
2587 3049 2819 3103 obortae
2858 3067 2959 3102 un-

661 3129 831 3196 dique
869 3145 1190 3198 oppressere
1230 3129 1434 3184 clades.
1501 3145 1633 3182 nam
1673 3129 2045 3196 subsequente
2094 3131 2363 3182 autumno
2408 3131 2573 3182 tanta
2618 3128 2747 3182 urbi
2784 3129 2962 3198 pesti-

659 3209 837 3263 lentia
873 3209 1156 3274 incubuit,
1196 3213 1260 3261 ut
1296 3209 1532 3278 triginta
1568 3207 1729 3262 milia
1764 3209 2023 3262 funerum
2070 3207 2127 3260 in
2167 3207 2443 3261 rationem
2478 3206 2765 3261 Libitinae
2802 3209 2963 3260 ueni-

659 3291 801 3342 rent.
943 3297 1008 3342 14
1024 3308 1143 3360 sqq.
1176 3291 1410 3357 Eutrop.
1445 3291 1567 3344 VII
1589 3295 1674 3354 14,
1692 3293 1726 3341 4
1755 3289 2105 3341 Britanniam
2137 3304 2316 3356 paene
2345 3287 2539 3340 amisit
2566 3290 2655 3356 (cf.
2676 3289 2829 3342 Nero
2848 3293 2958 3356 40).

661 3385 792 3422 nam
845 3369 954 3422 duo
1008 3369 1109 3422 sub
1164 3385 1228 3422 eo
1278 3368 1630 3423 nobilissima
1682 3368 1894 3438 oppida
1946 3372 2114 3437 capta
2165 3367 2285 3420 illic
2335 3370 2506 3435 atque
2561 3383 2759 3421 euersa
2810 3373 2959 3422 sunt.

663 3448 984 3502 Armeniam
1015 3449 1210 3502 Parthi
1239 3448 1583 3502 sustulerunt
1611 3449 1972 3518 legionesque
2002 3448 2283 3501 Romanas
2310 3447 2414 3500 sub
2444 3447 2639 3518 iugum
2667 3449 2957 3503 miserunt.

667 3530 816 3582 Oros.
849 3530 969 3582 VII
995 3533 1045 3594 7,
1068 3535 1131 3582 11
1181 3529 1506 3582 Britannica
1554 3530 1759 3582 deinde
1807 3529 1995 3582 clades
2034 3545 2065 3581 e
2110 3527 2354 3598 uestigio
2403 3528 2637 3594 accidit,
2686 3545 2799 3596 qua
2848 3529 2959 3582 duo

659 3608 966 3676 praecipua
1012 3609 1222 3676 oppida
1269 3625 1477 3679 magna
1525 3609 1735 3662 ciuium
1782 3609 2172 3676 sociorumque
2221 3607 2381 3661 clade
2428 3611 2486 3661 et
2524 3609 2696 3664 caede
2735 3609 2960 3678 direpta

661 3691 806 3742 sunt.
866 3692 1156 3756 praeterea
1193 3690 1253 3740 in
1284 3687 1512 3743 Oriente
1550 3689 1773 3760 magnis
1812 3688 2111 3742 Armeniae
2148 3687 2456 3757 prouinciis
2494 3689 2715 3742 amissis
2754 3689 2960 3742 Roma-

660 3783 767 3821 nae
805 3767 1054 3837 legiones
1092 3768 1195 3821 sub
1235 3769 1428 3838 iugum
1466 3769 1789 3822 Parthicum
1827 3769 2049 3832 missae,
2090 3784 2367 3838 aegreque
2397 3767 2560 3835 Syria
2596 3771 2817 3823 retenta
2856 3771 2957 3822 est.

661 3850 730 3913 cf.
769 3849 906 3913 Rus.
942 3847 1082 3901 Fest.
1114 3853 1190 3902 20

807 4069 833 4114 1
875 4062 1082 4114 ducum
1117 4064 1184 4128 T,
1223 4062 1356 4115 dum
1389 4063 1645 4129 MGPO,
1684 4063 1780 4116 dffi‘
1808 4063 1927 4130 LS,
1968 4063 2077 4114 defi
2113 4063 2163 4115 T
2301 4067 2332 4113 2
2372 4061 2469 4132 ab]
2509 4077 2576 4114 ac
2603 4061 2737 4126 LP,
2776 4078 2877 4116 om.
2916 4063 2965 4116 T

661 4147 692 4194 3
732 4142 970 4196 deuotae
1005 4143 1071 4207 G,
1110 4144 1245 4195 uota
1272 4143 1306 4194 δ
1452 4142 1863 4210 dedicataeque
1898 4143 2009 4209 TT,
2040 4141 2345 4210 deditaque
2378 4140 2653 4206 MLPSo,
2692 4141 2959 4212 editeque

663 4220 730 4285 G,
769 4220 1066 4274 dedicatae
1103 4221 1336 4275 Salmas,
1519 4226 1550 4273 5
1590 4237 1621 4275 e
1651 4238 1785 4275 cor-r.
1818 4239 1883 4276 ex
1920 4225 1978 4276 et
2008 4224 2095 4288 M,
2133 4222 2203 4274 de
2234 4223 2302 4276 H
2492 4223 2857 4290 perspectam
2894 4221 2957 4290 Q.

658 4301 1008 4368 prospiciens
1037 4302 1105 4355 Η
1271 4305 1299 4352 7
1339 4300 1670 4354 decantauit
1701 4308 1825 4368 post
1858 4301 1950 4354 Ilii
1980 4303 2157 4356 colloc.
2186 4304 2234 4354 Τ
2412 4307 2442 4354 9
2480 4301 2763 4355 neminem
2806 4301 2957 4356 Oros.

663 4387 725 4434 11
757 4380 1089 4450 afflagitatis
1111 4383 1198 4447 M,
1234 4381 1371 4450 flag·
1397 4381 1447 4434 Τ
1565 4382 1915 4450 priuatorum
1946 4383 1998 4438 G
2120 4388 2185 4435 13
2214 4382 2461 4451 quodam
2492 4383 2568 4436 M
2706 4382 2960 4435 trecenta

660 4462 892 4528 Lipsius
1110 4467 1176 4513 14
1211 4460 1373 4513 milia
1407 4479 1508 4516 om.
1541 4462 1609 4528 L,
1647 4469 1774 4516 ante
1810 4462 2069 4515 funerum
2106 4463 2307 4516 habent
2338 4463 2388 4516 Τ
2422 4460 2684 4530 (milium)
2722 4469 2774 4515 et
2805 4461 2953 4516 Oros,

663 4545 727 4592 15
768 4540 1042 4593 sociorum
1076 4542 1126 4595 G
1274 4545 1339 4593 18
1377 4539 1562 4594 fuerat
1593 4541 1647 4596 G
1790 4547 1859 4595 20
1895 4542 2303 4596 lacetanissent
2340 4543 2593 4608 Kraffert
