3259 5209
660 428 747 493 96
1364 428 1421 484 C.
1460 428 1776 484 SVETONI
1811 428 2256 495 TRANQVILLI

658 593 870 655 forum
930 614 1123 676 supra
1184 590 1399 657 Scalas
1460 594 1805 676 anulariaS,
1864 593 1932 657 in
1993 594 2184 658 domo
2242 614 2404 676 quae
2454 590 2636 655 Calui
2685 592 2960 656 oratoris
3233 523 3252 786 Ι

657 698 894 781 fuerat3
950 693 1173 782 postea
1228 700 1298 763 in
1350 698 1630 783 Palatio,
1685 700 1796 764 sed
1850 698 2055 764 nihilo
2113 702 2325 764 minus
2378 698 2642 763 aedibus
2688 699 2962 763 modicis

658 804 1129 887 Hortensianis,
1176 810 1242 869 et
1286 828 1492 889 neque
1538 805 1806 871 laxitate
1852 828 2061 890 neque
2107 808 2284 871 cultu
2333 806 2726 890 conspicuis,
2771 808 2846 869 ut
2892 806 2962 869 in

659 911 893 995 quibus
932 912 1220 995 porticus
1267 912 1494 977 breues
1542 918 1756 977 essent
1796 913 2190 978 Albanarum
2229 914 2674 978 columnarum
2721 914 2788 977 et
2825 912 2962 977 sine
3237 799 3252 1017 1

656 1040 975 1083 marmore
1020 1020 1157 1084 ullo
1202 1024 1315 1083 aut
1360 1020 1597 1105 insigni
1644 1021 2017 1104 pauimento
2063 1019 2411 1085 conclauia.
2497 1041 2570 1083 ac
2605 1041 2722 1103 per
2757 1040 2961 1083 annos
3021 1044 3048 1083 ⁵

660 1126 939 1210 amplius
988 1125 1411 1211 quadraginta
1459 1127 1682 1191 eodem
1730 1127 2025 1191 cubiculo
2071 1126 2284 1191 hieme
2321 1130 2386 1189 et
2423 1130 2666 1191 aestate
2701 1128 2962 1209 mansit,

659 1232 952 1315 quamuis
1012 1254 1240 1317 parum
1302 1233 1619 1297 salubrem
1686 1234 2026 1298 ualitudini
2087 1256 2238 1298 suae
2298 1233 2522 1297 urbem
2583 1232 2796 1297 hieme
2857 1254 2962 1297 ex-

586 1358 618 1406 2
656 1339 975 1422 perii-etur
1032 1339 1415 1423 assidueque
1475 1342 1543 1404 in
1601 1341 1762 1405 urbe
1820 1340 2146 1405 hiemaret.
2231 1340 2286 1403 si
2344 1338 2598 1423 quando
2661 1339 2817 1423 quid
2865 1362 2964 1403 se-

660 1449 834 1509 creto
898 1450 1010 1510 aut
1076 1448 1214 1512 sine
1280 1448 1795 1531 interpellatione
1858 1468 2045 1532 agere
2121 1447 2584 1531 proposuisset,
2659 1450 2798 1509 erat
2861 1447 2962 1510 illi

656 1553 837 1617 locus
884 1552 954 1616 in
1001 1552 1173 1617 edito
1222 1554 1584 1638 singularis,
1632 1576 1823 1637 quem
1863 1552 2210 1637 Syracusas
2258 1558 2324 1617 et
2359 1552 2804 1637 technyphion
2851 1574 2962 1617 uo·
2991 1578 3048 1616 ιο

656 1660 867 1723 cabat:
924 1659 1051 1723 huc
1095 1660 1411 1724 transibat
1455 1664 1569 1726 aut
1614 1662 1684 1724 in
1739 1660 2007 1725 alicuius
2062 1661 2444 1725 libertorum
2492 1660 2961 1741 suburbanum3

654 1788 846 1851 aeger
910 1770 1123 1831 autem
1198 1766 1267 1831 in
1333 1766 1522 1831 domo
1588 1766 1976 1833 Maecenatis
2053 1768 2344 1832 cubabat.
2461 1790 2538 1831 ex
2603 1766 2960 1831 secessibus

654 1874 997 1957 praecipue
1063 1874 1497 1957 frequentauit
1566 1876 1884 1938 maritima
1956 1875 2326 1957 insulasque
2398 1872 2782 1957 Campaniae
2849 1877 2961 1936 aut
3243 1881 3252 1899 ¹

655 1981 951 2063 proxima
997 1980 1140 2043 urbi
1188 1979 1443 2064 oppida,
1490 1980 1882 2067 Lanuuium,
1929 1981 2288 2064 Praeneste,
2334 1980 2555 2063 Tibur,
2601 1979 2717 2044 ubi
2762 1979 2958 2044 etiam
3245 1904 3252 2133 Ι

587 2104 617 2151 3
658 2087 726 2150 in
780 2088 1135 2170 porticibus
1198 2086 1494 2151 Herculis
1550 2088 1777 2171 templi
1834 2110 2138 2172 persaepe
2194 2088 2292 2151 ius
2351 2087 2529 2151 dixit.
2621 2087 2839 2169 ampla
2895 2090 2960 2149 et
2989 2110 3043 2149 ιε

656 2215 927 2277 operosa
982 2196 1308 2278 praetoria
1362 2195 1771 2279 grauabatur.
1846 2200 1908 2259 et
1963 2196 2176 2279 neptis
2224 2194 2484 2278 quidem
2541 2216 2691 2257 suae
2737 2192 2959 2274 Iuliae,

655 2300 915 2383 profuse
979 2300 1060 2364 ab
1126 2323 1200 2365 ea
1263 2305 1582 2383 extructa,
1657 2302 1848 2366 etiam
1916 2301 2112 2365 diruit
2177 2302 2257 2365 ad
2321 2302 2557 2383 solum,
2623 2322 2738 2365 sua
2801 2324 2958 2364 uero

658 2407 954 2489 quamuis
1002 2409 1253 2472 modica
1308 2430 1439 2472 non
1493 2412 1625 2471 tam
1685 2412 2039 2473 statuarum
2097 2409 2590 2491 tabularumque
2634 2408 2957 2492 pictarum

656 2517 886 2576 ornatu
937 2535 1124 2595 quam
1176 2514 1381 2597 xystis
1430 2518 1494 2578 et
1540 2514 1908 2579 nemoribus
1956 2514 2240 2579 excoluit
2276 2513 2594 2598 rebusque
2633 2518 2958 2579 uetustate

655 2641 730 2684 ac
776 2620 1038 2683 raritate
1084 2619 1508 2704 notabilibus,
1556 2621 1772 2705 qualia
1819 2628 1968 2686 sunt
2008 2620 2266 2705 Capreis
2315 2622 2694 2686 immanium
2741 2621 2956 2685 belua·
2985 2642 3042 2681 so

585 2713 606 2743 ‘⁶
654 2749 797 2793 rum
852 2726 1258 2811 ferarumque
1316 2730 1603 2792 membra
1659 2729 2107 2813 praegrandia,
2165 2750 2326 2811 quae
2383 2728 2686 2793 dicuntur
2733 2728 2956 2813 gigan-

552 2832 640 2898 73
660 2836 797 2896 tum
856 2856 1017 2917 ossa,
1074 2837 1137 2898 et
1184 2856 1361 2898 arma
1405 2835 1691 2899 heroum.
1766 2836 2178 2900 instrumenti
2231 2836 2367 2900 eius
2425 2839 2491 2898 et
2537 2834 2954 2919 supellectilis

654 2939 1045 3024 parsimonia
1100 2946 1365 3025 apparet
1422 2942 1615 3005 etiam
1672 2963 1844 3006 nunc
1899 2942 2168 3007 residuis
2227 2942 2410 3006 lectis
2457 2946 2651 3025 atque
2697 2942 2956 3020 mensis,
3247 2914 3249 3066 ἱ

647 3068 928 3128 quorum
976 3047 1280 3131 pleraque
1335 3046 1445 3112 uix
1502 3048 1792 3131 priuatae
1849 3049 2202 3134 elegantiae
2260 3048 2405 3113 sint.
2499 3071 2580 3113 ne
2625 3054 2768 3113 toro
2817 3049 2956 3132 qui-

654 3152 794 3216 dem
848 3154 1141 3217 cubuisse
1189 3156 1370 3218 aiunt
1415 3154 1541 3218 nisi
1576 3154 1810 3219 humili
1849 3159 1911 3219 et
1950 3155 2199 3220 modice
2238 3154 2529 3220 instrata
2604 3159 2783 3220 ueste
2821 3177 2955 3219 non
2983 3174 3038 3214 25

654 3264 893 3323 temere
941 3262 1067 3325 alia
1113 3283 1304 3343 quam
1354 3261 1704 3327 domestica
1749 3284 1903 3326 usus
1956 3267 2078 3343 est,
2133 3261 2214 3325 ab
2264 3283 2482 3326 sorore
2529 3266 2595 3327 et
2641 3283 2840 3327 uxore
2888 3266 2953 3326 et

653 3368 789 3430 filia
834 3366 1261 3451 neptibusque
1309 3368 1626 3451 confecta3
1682 3368 1852 3454 togis
1899 3391 2106 3451 neque
2161 3370 2470 3433 restrictis
2517 3389 2726 3452 neque
2771 3368 2954 3449 fusis,

655 3475 836 3537 clauo
884 3496 1001 3538 nec
1056 3474 1188 3537 lato
1236 3495 1353 3538 nec
1400 3480 1674 3559 angusto
1685 3527 1703 3558 ,
1760 3475 2192 3539 calciamentis
2240 3476 2625 3560 altiusculis,
2679 3479 2754 3539 ut
2807 3497 2954 3559 pro—

654 3578 859 3643 cerior
925 3602 1115 3663 quam
1180 3587 1317 3644 erat
1380 3580 1722 3645 uideretur.
1825 3587 1888 3645 et
1951 3582 2230 3646 forensia
2293 3586 2506 3646 autem
2574 3586 2638 3645 et
2702 3582 2951 3647 calceos

652 3708 1003 3769 numquam
1053 3709 1183 3750 non
1230 3688 1399 3750 intra
1446 3688 1814 3753 cubiculum
1863 3688 2090 3752 habuit
2136 3688 2216 3752 ad
2255 3688 2504 3752 subitos
2554 3689 2950 3772 repentinos·
2979 3707 3036 3747 so

654 3815 778 3876 que
826 3814 1009 3859 casus
1056 3798 1295 3877 parata.

796 4080 827 4128 8
880 4074 1215 4142 assidueque
1270 4076 1328 4127 in
1380 4076 1517 4129 urbe
1568 4076 1844 4130 hiemauit
1897 4079 2097 4147 Miihly
2143 4084 2505 4146 transponens
2546 4083 2674 4146 post
2722 4076 2950 4142 mansit,

653 4156 814 4209 aliter
858 4156 989 4221 alii,
1034 4156 1104 4221 cf.
1145 4155 1334 4209 Herm.
1367 4160 1441 4209 36
1472 4174 1528 4224 p.
1562 4162 1672 4211 300
1817 4157 1874 4210 in
1919 4157 2058 4211 urbe
2102 4160 2171 4223 Y,
2223 4158 2281 4209 in
2327 4157 2524 4211 urbem
2571 4156 2734 4223 MG,
2789 4158 2949 4210 extra

650 4236 847 4289 urbem
888 4236 1043 4299 (urbe
1074 4236 1147 4298 V)
1170 4240 1225 4288 X
1232 4234 1246 4251 '
1374 4237 1525 4303 quod
1557 4237 1652 4291 Μ41
1792 4244 1856 4290 10
1901 4238 2203 4307 τεχνύφιον
2243 4239 2350 4306 (uel
2387 4237 2676 4307 τεγύφιον)
2698 4238 2951 4308 Bentley,

652 4315 997 4385 tegnophion
1048 4316 1288 4385 (tegnof-
1324 4317 1391 4381 S,
1446 4318 1722 4386 tegnaph-
1767 4318 1838 4385 Τ)
1869 4319 1946 4382 Ω,
1993 4316 2337 4386 τεχνόφυτον
2381 4317 2672 4374 Τνὶῑῖενιιε,
2719 4315 2948 4369 techno-

653 4396 841 4464 phyon
872 4397 1227 4467 (τεχνόφυον)
1259 4398 1408 4467 uuly.
1596 4404 1660 4450 14
1698 4396 2003 4468 prenestib3
2032 4400 2151 4463 (om.
2183 4396 2377 4465 Tibur)
2411 4396 2461 4449 G
2648 4402 2711 4449 15
2749 4398 2810 4450 et
2845 4413 2946 4450 om.

666 4478 865 4531 VL'P1
909 4476 1142 4545 (amplet
1174 4477 1244 4540 G)
1369 4483 1436 4529 20
1474 4476 1791 4530 belluarum
1823 4478 1957 4531 MT
2075 4483 2142 4529 24
2181 4492 2418 4545 quorum
2457 4477 2775 4542 Sabellicus,
2811 4492 2947 4543 qua-

654 4574 779 4609 rum
818 4560 868 4609 52
1016 4562 1082 4609 26
1120 4573 1292 4623 quam
1322 4565 1447 4625 post
1486 4574 1617 4610 usus
1657 4560 1742 4610 est
1781 4558 2092 4625 transponit
2133 4559 2285 4611 Torr.
