<?xml version="1.0" encoding="UTF-8"?>
<!DOCTYPE html PUBLIC "-//W3C//DTD XHTML 1.0 Transitional//EN"
    "http://www.w3.org/TR/xhtml1/DTD/xhtml1-transitional.dtd">
<html xmlns="http://www.w3.org/1999/xhtml" xml:lang="en" lang="en">
 <head>
  <title>
</title>
<meta http-equiv="Content-Type" content="text/html;charset=utf-8" />
  <meta name='ocr-system' content='tesseract 3.04.00' />
  <meta name='ocr-capabilities' content='ocr_page ocr_carea ocr_par ocr_line ocrx_word'/>
</head>
<body>
  <div class='ocr_page' id='page_1' title='image "./csuetoniitranqu00ihmgoog_0373.png"; bbox 0 0 3259 5209; ppageno 0'>
   <div class='ocr_carea' id='block_1_1' title="bbox 1100 435 2656 506">
    <p class='ocr_par' dir='ltr' id='par_1_1' title="bbox 1100 435 2656 506">
     <span class='ocr_line' id='line_1_1' title="bbox 1100 435 2656 506; baseline 0.008 -14"><span class='ocrx_word' id='word_1_1' title='bbox 1100 435 1119 484; x_wconf 77' lang='grc'><strong>.’</strong></span> <span class='ocrx_word' id='word_1_2' title='bbox 1130 436 1507 498; x_wconf 75' lang='lat' dir='ltr'><strong>VITELLIVS</strong></span> <span class='ocrx_word' id='word_1_3' title='bbox 1546 443 1684 500; x_wconf 65' lang='lat' dir='ltr'><strong>[cn.</strong></span> <span class='ocrx_word' id='word_1_4' title='bbox 1710 439 1886 501; x_wconf 84' lang='lat' dir='ltr'><strong>11—-&#39;u.]</strong></span> <span class='ocrx_word' id='word_1_5' title='bbox 2529 440 2656 506; x_wconf 83' lang='grc'><strong>301</strong></span> 
     </span>
    </p>
   </div>
   <div class='ocr_carea' id='block_1_2' title="bbox 272 602 2761 3678">
    <p class='ocr_par' dir='ltr' id='par_1_2' title="bbox 272 602 2761 3678">
     <span class='ocr_line' id='line_1_2' title="bbox 362 602 2662 689; baseline 0.001 -23"><span class='ocrx_word' id='word_1_6' title='bbox 362 603 493 666; x_wconf 83' lang='lat' dir='ltr'><strong>fuit</strong></span> <span class='ocrx_word' id='word_1_7' title='bbox 522 619 677 668; x_wconf 86' lang='lat' dir='ltr'><strong>cena</strong></span> <span class='ocrx_word' id='word_1_8' title='bbox 704 603 854 668; x_wconf 87' lang='lat' dir='ltr'><strong>data</strong></span> <span class='ocrx_word' id='word_1_9' title='bbox 892 605 950 667; x_wconf 84' lang='lat' dir='ltr'><strong>e&#39;i</strong></span> <span class='ocrx_word' id='word_1_10' title='bbox 980 603 1341 669; x_wconf 86' lang='lat' dir='ltr'><strong>aduenticia</strong></span> <span class='ocrx_word' id='word_1_11' title='bbox 1369 627 1406 667; x_wconf 92' lang='lat' dir='ltr'><strong>a</strong></span> <span class='ocrx_word' id='word_1_12' title='bbox 1443 603 1659 687; x_wconf 87' lang='lat' dir='ltr'><strong>fratre,</strong></span> <span class='ocrx_word' id='word_1_13' title='bbox 1707 603 1776 668; x_wconf 92' lang='lat' dir='ltr'><strong>in</strong></span> <span class='ocrx_word' id='word_1_14' title='bbox 1821 625 1948 689; x_wconf 87' lang='lat' dir='ltr'><strong>qua</strong></span> <span class='ocrx_word' id='word_1_15' title='bbox 1997 604 2124 668; x_wconf 90' lang='lat' dir='ltr'><strong>duo</strong></span> <span class='ocrx_word' id='word_1_16' title='bbox 2170 603 2357 686; x_wconf 38' lang='lat' dir='ltr'><strong>milia·</strong></span> <span class='ocrx_word' id='word_1_17' title='bbox 2379 602 2662 669; x_wconf 58' lang='lat' dir='ltr'><strong>Jectiseir</strong></span> 
     </span>
     <span class='ocr_line' id='line_1_3' title="bbox 362 709 2662 795; baseline 0.001 -22"><span class='ocrx_word' id='word_1_18' title='bbox 362 731 617 774; x_wconf 90' lang='lat' dir='ltr'><strong>morum</strong></span> <span class='ocrx_word' id='word_1_19' title='bbox 648 709 942 795; x_wconf 77' lang='lat' dir='ltr'><strong>piscium,</strong></span> <span class='ocrx_word' id='word_1_20' title='bbox 972 713 1216 794; x_wconf 79' lang='lat' dir='ltr'><strong>septem</strong></span> <span class='ocrx_word' id='word_1_21' title='bbox 1244 710 1461 774; x_wconf 91' lang='lat' dir='ltr'><strong>auium</strong></span> <span class='ocrx_word' id='word_1_22' title='bbox 1492 711 1789 795; x_wconf 79' lang='lat' dir='ltr'><strong>apposita</strong></span> <span class='ocrx_word' id='word_1_23' title='bbox 1817 710 2172 776; x_wconf 86' lang='lat' dir='ltr'><strong>traduntur.</strong></span> <span class='ocrx_word' id='word_1_24' title='bbox 2215 709 2383 774; x_wconf 84' lang='lat' dir='ltr'><strong>hanc</strong></span> <span class='ocrx_word' id='word_1_25' title='bbox 2405 732 2662 795; x_wconf 88' lang='lat' dir='ltr'><strong>quoque</strong></span> 
     </span>
     <span class='ocr_line' id='line_1_4' title="bbox 360 814 2662 904; baseline 0 -24"><span class='ocrx_word' id='word_1_26' title='bbox 360 817 743 900; x_wconf 77' lang='lat' dir='ltr'><strong>exuperauit</strong></span> <span class='ocrx_word' id='word_1_27' title='bbox 770 818 909 900; x_wconf 82' lang='lat' dir='ltr'><strong>ipse</strong></span> <span class='ocrx_word' id='word_1_28' title='bbox 937 816 1333 882; x_wconf 68' lang='lat' dir='ltr'><strong>dedicatione</strong></span> <span class='ocrx_word' id='word_1_29' title='bbox 1361 814 1638 901; x_wconf 84' lang='lat' dir='ltr'><strong>patinae,</strong></span> <span class='ocrx_word' id='word_1_30' title='bbox 1676 839 1869 901; x_wconf 84' lang='lat' dir='ltr'><strong>quam</strong></span> <span class='ocrx_word' id='word_1_31' title='bbox 1897 816 1980 881; x_wconf 94' lang='lat' dir='ltr'><strong>ob</strong></span> <span class='ocrx_word' id='word_1_32' title='bbox 2011 817 2386 882; x_wconf 78' lang='lat' dir='ltr'><strong>immensam</strong></span> <span class='ocrx_word' id='word_1_33' title='bbox 2416 819 2662 904; x_wconf 81' lang='lat' dir='ltr'><strong>magni·</strong></span> 
     </span>
     <span class='ocr_line' id='line_1_5' title="bbox 360 913 2661 1008; baseline 0.003 -23"><span class='ocrx_word' id='word_1_34' title='bbox 360 913 649 988; x_wconf 76' lang='lat' dir='ltr'><strong>tudinem</strong></span> <span class='ocrx_word' id='word_1_35' title='bbox 698 921 1027 1007; x_wconf 85' lang='lat' dir='ltr'><strong>clipeum</strong></span> <span class='ocrx_word' id='word_1_36' title='bbox 1076 921 1463 988; x_wconf 82' lang='lat' dir='ltr'><strong>Mineruae</strong></span> <span class='ocrx_word' id='word_1_37' title='bbox 1510 925 1940 1008; x_wconf 78' lang='grc' dir='ltr'><strong><em>πολιούχου</em></strong></span> <span class='ocrx_word' id='word_1_38' title='bbox 1987 925 2340 990; x_wconf 74' lang='lat' dir='ltr'><strong>dictitabat.</strong></span> <span class='ocrx_word' id='word_1_39' title='bbox 2425 925 2494 988; x_wconf 90' lang='lat' dir='ltr'><strong>in</strong></span> <span class='ocrx_word' id='word_1_40' title='bbox 2539 923 2661 991; x_wconf 84' lang='lat' dir='ltr'><strong>hac</strong></span> 
     </span>
     <span class='ocr_line' id='line_1_6' title="bbox 304 1029 2660 1117; baseline 0 -24"><span class='ocrx_word' id='word_1_41' title='bbox 304 1053 333 1093; x_wconf 70' lang='lat' dir='ltr'><em>z</em></span> <span class='ocrx_word' id='word_1_42' title='bbox 364 1051 693 1094; x_wconf 84' lang='lat' dir='ltr'><strong>scarorum</strong></span> <span class='ocrx_word' id='word_1_43' title='bbox 732 1031 1029 1113; x_wconf 87' lang='lat' dir='ltr'><strong>iocinera,</strong></span> <span class='ocrx_word' id='word_1_44' title='bbox 1071 1029 1527 1114; x_wconf 82' lang='lat' dir='ltr'><strong>phasianarum</strong></span> <span class='ocrx_word' id='word_1_45' title='bbox 1564 1036 1630 1096; x_wconf 90' lang='lat' dir='ltr'><strong>et</strong></span> <span class='ocrx_word' id='word_1_46' title='bbox 1665 1049 1993 1117; x_wconf 88' lang='lat' dir='ltr'><strong>pauonum</strong></span> <span class='ocrx_word' id='word_1_47' title='bbox 2028 1030 2358 1114; x_wconf 83' lang='lat' dir='ltr'><strong>cerebella,</strong></span> <span class='ocrx_word' id='word_1_48' title='bbox 2403 1030 2660 1116; x_wconf 77' lang='lat' dir='ltr'><strong>linguas</strong></span> 
     </span>
     <span class='ocr_line' id='line_1_7' title="bbox 364 1135 2660 1222; baseline 0.002 -24"><span class='ocrx_word' id='word_1_49' title='bbox 364 1135 958 1221; x_wconf 79' lang='lat' dir='ltr'><strong>phoenicopterum,</strong></span> <span class='ocrx_word' id='word_1_50' title='bbox 1012 1158 1418 1202; x_wconf 87' lang='lat' dir='ltr'><strong>murenarum</strong></span> <span class='ocrx_word' id='word_1_51' title='bbox 1474 1137 1674 1203; x_wconf 89' lang='lat' dir='ltr'><strong>lactes</strong></span> <span class='ocrx_word' id='word_1_52' title='bbox 1723 1160 1760 1201; x_wconf 90' lang='lat' dir='ltr'><strong>a</strong></span> <span class='ocrx_word' id='word_1_53' title='bbox 1806 1137 2072 1202; x_wconf 85' lang='lat' dir='ltr'><strong>Parthia</strong></span> <span class='ocrx_word' id='word_1_54' title='bbox 2117 1160 2320 1222; x_wconf 77' lang='lat' dir='ltr'><strong>usque</strong></span> <span class='ocrx_word' id='word_1_55' title='bbox 2364 1137 2660 1221; x_wconf 75' lang='lat' dir='ltr'><strong>fretoque</strong></span> 
     </span>
     <span class='ocr_line' id='line_1_8' title="bbox 362 1241 2656 1329; baseline 0.002 -24"><span class='ocrx_word' id='word_1_56' title='bbox 362 1241 719 1327; x_wconf 80' lang='lat' dir='ltr'><strong>Hispanico</strong></span> <span class='ocrx_word' id='word_1_57' title='bbox 786 1265 904 1328; x_wconf 88' lang='lat' dir='ltr'><strong>per</strong></span> <span class='ocrx_word' id='word_1_58' title='bbox 956 1243 1317 1309; x_wconf 81' lang='lat' dir='ltr'><strong>nauarchos</strong></span> <span class='ocrx_word' id='word_1_59' title='bbox 1370 1265 1443 1308; x_wconf 88' lang='lat' dir='ltr'><strong>ac</strong></span> <span class='ocrx_word' id='word_1_60' title='bbox 1496 1244 1793 1308; x_wconf 84' lang='lat' dir='ltr'><strong>triremes</strong></span> <span class='ocrx_word' id='word_1_61' title='bbox 1839 1244 2189 1329; x_wconf 87' lang='lat' dir='ltr'><strong>petitarum</strong></span> <span class='ocrx_word' id='word_1_62' title='bbox 2215 1244 2656 1324; x_wconf 80' lang='lat' dir='ltr'><strong>commiscuit.</strong></span> 
     </span>
     <span class='ocr_line' id='line_1_9' title="bbox 362 1343 2727 1436; baseline 0.002 -24"><span class='ocrx_word' id='word_1_63' title='bbox 362 1353 437 1412; x_wconf 89' lang='lat' dir='ltr'><strong>ut</strong></span> <span class='ocrx_word' id='word_1_64' title='bbox 476 1355 689 1414; x_wconf 90' lang='lat' dir='ltr'><strong>autem</strong></span> <span class='ocrx_word' id='word_1_65' title='bbox 728 1343 923 1414; x_wconf 90' lang='lat' dir='ltr'><strong>homo</strong></span> <span class='ocrx_word' id='word_1_66' title='bbox 960 1373 1092 1414; x_wconf 92' lang='lat' dir='ltr'><strong>non</strong></span> <span class='ocrx_word' id='word_1_67' title='bbox 1126 1351 1484 1434; x_wconf 80' lang='lat' dir='ltr'><strong>profundae</strong></span> <span class='ocrx_word' id='word_1_68' title='bbox 1510 1350 1707 1416; x_wconf 92' lang='lat' dir='ltr'><strong>modo</strong></span> <span class='ocrx_word' id='word_1_69' title='bbox 1736 1351 1846 1415; x_wconf 88' lang='lat' dir='ltr'><strong>sed</strong></span> <span class='ocrx_word' id='word_1_70' title='bbox 1875 1351 2368 1436; x_wconf 87' lang='lat' dir='ltr'><strong>intempestiuae</strong></span> <span class='ocrx_word' id='word_1_71' title='bbox 2397 1373 2658 1435; x_wconf 85' lang='lat' dir='ltr'><strong>quoque</strong></span> <span class='ocrx_word' id='word_1_72' title='bbox 2696 1369 2727 1417; x_wconf 82' lang='grc'>3</span> 
     </span>
     <span class='ocr_line' id='line_1_10' title="bbox 364 1456 2656 1543; baseline 0.001 -24"><span class='ocrx_word' id='word_1_73' title='bbox 364 1477 437 1519; x_wconf 88' lang='lat' dir='ltr'><strong>ac</strong></span> <span class='ocrx_word' id='word_1_74' title='bbox 476 1456 769 1520; x_wconf 86' lang='lat' dir='ltr'><strong>sordidae</strong></span> <span class='ocrx_word' id='word_1_75' title='bbox 806 1457 1013 1543; x_wconf 84' lang='lat' dir='ltr'><strong>gulae,</strong></span> <span class='ocrx_word' id='word_1_76' title='bbox 1056 1480 1137 1522; x_wconf 90' lang='lat' dir='ltr'><strong>ne</strong></span> <span class='ocrx_word' id='word_1_77' title='bbox 1174 1458 1241 1521; x_wconf 88' lang='lat' dir='ltr'><strong>in</strong></span> <span class='ocrx_word' id='word_1_78' title='bbox 1280 1457 1594 1522; x_wconf 87' lang='lat' dir='ltr'><strong>sacrificio</strong></span> <span class='ocrx_word' id='word_1_79' title='bbox 1637 1458 1896 1542; x_wconf 85' lang='lat' dir='ltr'><strong>quidem</strong></span> <span class='ocrx_word' id='word_1_80' title='bbox 1934 1479 2242 1542; x_wconf 89' lang='lat' dir='ltr'><strong>umquam</strong></span> <span class='ocrx_word' id='word_1_81' title='bbox 2279 1463 2392 1538; x_wconf 82' lang='lat' dir='ltr'><strong>aut</strong></span> <span class='ocrx_word' id='word_1_82' title='bbox 2428 1458 2656 1522; x_wconf 88' lang='lat' dir='ltr'><strong>itinere</strong></span> 
     </span>
     <span class='ocr_line' id='line_1_11' title="bbox 274 1563 2659 1648; baseline 0.001 -22"><span class='ocrx_word' id='word_1_83' title='bbox 274 1587 335 1626; x_wconf 63' lang='grc' dir='ltr'><strong>πο</strong></span> <span class='ocrx_word' id='word_1_84' title='bbox 362 1563 497 1628; x_wconf 86' lang='lat' dir='ltr'><strong>ullo</strong></span> <span class='ocrx_word' id='word_1_85' title='bbox 554 1565 968 1648; x_wconf 88' lang='lat' dir='ltr'><strong>temperauit,</strong></span> <span class='ocrx_word' id='word_1_86' title='bbox 1034 1565 1194 1648; x_wconf 90' lang='lat' dir='ltr'><strong>quin</strong></span> <span class='ocrx_word' id='word_1_87' title='bbox 1248 1566 1417 1629; x_wconf 89' lang='lat' dir='ltr'><strong>inter</strong></span> <span class='ocrx_word' id='word_1_88' title='bbox 1470 1565 1700 1630; x_wconf 87' lang='lat' dir='ltr'><strong>altaria</strong></span> <span class='ocrx_word' id='word_1_89' title='bbox 1755 1565 1993 1628; x_wconf 90' lang='lat' dir='ltr'><strong>ibidem</strong></span> <span class='ocrx_word' id='word_1_90' title='bbox 2051 1565 2274 1630; x_wconf 87' lang='lat' dir='ltr'><strong>statim</strong></span> <span class='ocrx_word' id='word_1_91' title='bbox 2331 1565 2545 1630; x_wconf 85' lang='lat' dir='ltr'><strong>uiscus</strong></span> <span class='ocrx_word' id='word_1_92' title='bbox 2590 1568 2659 1629; x_wconf 57' lang='lat' dir='ltr'><strong>&gt;et</strong></span> 
     </span>
     <span class='ocr_line' id='line_1_12' title="bbox 361 1669 2656 1755; baseline 0 -22"><span class='ocrx_word' id='word_1_93' title='bbox 361 1669 551 1734; x_wconf 82' lang='lat' dir='ltr'><strong>farris</strong></span> <span class='ocrx_word' id='word_1_94' title='bbox 588 1671 823 1754; x_wconf 76' lang='lat' dir='ltr'><strong>†paene</strong></span> <span class='ocrx_word' id='word_1_95' title='bbox 871 1676 1055 1755; x_wconf 88' lang='lat' dir='ltr'><strong>rapta</strong></span> <span class='ocrx_word' id='word_1_96' title='bbox 1092 1692 1125 1735; x_wconf 92' lang='lat' dir='ltr'><strong>e</strong></span> <span class='ocrx_word' id='word_1_97' title='bbox 1172 1671 1317 1736; x_wconf 85' lang='lat' dir='ltr'><strong>foco</strong></span> <span class='ocrx_word' id='word_1_98' title='bbox 1360 1671 1696 1736; x_wconf 80' lang='lat' dir='ltr'><strong>manderet</strong></span> <span class='ocrx_word' id='word_1_99' title='bbox 1742 1673 2040 1755; x_wconf 86' lang='lat' dir='ltr'><strong>circaque</strong></span> <span class='ocrx_word' id='word_1_100' title='bbox 2083 1671 2334 1735; x_wconf 88' lang='lat' dir='ltr'><strong>uiarum</strong></span> <span class='ocrx_word' id='word_1_101' title='bbox 2379 1671 2656 1755; x_wconf 81' lang='lat' dir='ltr'><strong>popinas</strong></span> 
     </span>
     <span class='ocr_line' id='line_1_13' title="bbox 360 1776 2036 1863; baseline 0.002 -24"><span class='ocrx_word' id='word_1_102' title='bbox 360 1776 677 1840; x_wconf 79' lang='lat' dir='ltr'><strong>fumantia</strong></span> <span class='ocrx_word' id='word_1_103' title='bbox 725 1776 997 1842; x_wconf 84' lang='lat' dir='ltr'><strong>obsonia</strong></span> <span class='ocrx_word' id='word_1_104' title='bbox 1041 1779 1143 1842; x_wconf 83' lang='lat' dir='ltr'><strong>vel</strong></span> <span class='ocrx_word' id='word_1_105' title='bbox 1187 1779 1483 1862; x_wconf 85' lang='lat' dir='ltr'><strong>pridiana</strong></span> <span class='ocrx_word' id='word_1_106' title='bbox 1528 1783 1728 1863; x_wconf 90' lang='lat' dir='ltr'><strong>atque</strong></span> <span class='ocrx_word' id='word_1_107' title='bbox 1773 1801 2036 1844; x_wconf 83' lang='lat' dir='ltr'><strong>semesa.</strong></span> 
     </span>
     <span class='ocr_line' id='line_1_14' title="bbox 541 1883 2761 1969; baseline 0.001 -22"><span class='ocrx_word' id='word_1_108' title='bbox 541 1883 789 1948; x_wconf 87' lang='lat' dir='ltr'><strong>Pronus</strong></span> <span class='ocrx_word' id='word_1_109' title='bbox 849 1907 1004 1949; x_wconf 86' lang='lat' dir='ltr'><strong>uero</strong></span> <span class='ocrx_word' id='word_1_110' title='bbox 1064 1886 1145 1950; x_wconf 90' lang='lat' dir='ltr'><strong>ad</strong></span> <span class='ocrx_word' id='word_1_111' title='bbox 1204 1887 1668 1969; x_wconf 83' lang='lat' dir='ltr'><strong>cuiuscumque</strong></span> <span class='ocrx_word' id='word_1_112' title='bbox 1729 1890 1793 1950; x_wconf 89' lang='lat' dir='ltr'><strong>et</strong></span> <span class='ocrx_word' id='word_1_113' title='bbox 1854 1907 2264 1969; x_wconf 86' lang='lat' dir='ltr'><strong>quacumque</strong></span> <span class='ocrx_word' id='word_1_114' title='bbox 2322 1884 2400 1948; x_wconf 88' lang='lat' dir='ltr'><strong>de</strong></span> <span class='ocrx_word' id='word_1_115' title='bbox 2461 1905 2652 1948; x_wconf 87' lang='lat' dir='ltr'><strong>causa</strong></span> <span class='ocrx_word' id='word_1_116' title='bbox 2671 1883 2761 1954; x_wconf 80' lang='lat'><strong>14</strong></span> 
     </span>
     <span class='ocr_line' id='line_1_15' title="bbox 358 1991 2651 2078; baseline 0 -24"><span class='ocrx_word' id='word_1_117' title='bbox 358 2011 581 2055; x_wconf 87' lang='lat' dir='ltr'><strong>necem</strong></span> <span class='ocrx_word' id='word_1_118' title='bbox 638 1995 837 2075; x_wconf 88' lang='lat' dir='ltr'><strong>atque</strong></span> <span class='ocrx_word' id='word_1_119' title='bbox 892 1991 1279 2076; x_wconf 88' lang='lat' dir='ltr'><strong>supplicium</strong></span> <span class='ocrx_word' id='word_1_120' title='bbox 1334 1991 1589 2056; x_wconf 87' lang='lat' dir='ltr'><strong>nobiles</strong></span> <span class='ocrx_word' id='word_1_121' title='bbox 1642 1993 1846 2078; x_wconf 76' lang='lat' dir='ltr'><strong>nima,</strong></span> <span class='ocrx_word' id='word_1_122' title='bbox 1907 1992 2378 2077; x_wconf 79' lang='lat' dir='ltr'><strong>condiscipulos</strong></span> <span class='ocrx_word' id='word_1_123' title='bbox 2435 1997 2499 2055; x_wconf 89' lang='lat' dir='ltr'><strong>et</strong></span> <span class='ocrx_word' id='word_1_124' title='bbox 2555 2013 2651 2055; x_wconf 90' lang='lat' dir='ltr'><strong>ae-</strong></span> 
     </span>
     <span class='ocr_line' id='line_1_16' title="bbox 276 2097 2652 2182; baseline 0.002 -25"><span class='ocrx_word' id='word_1_125' title='bbox 276 2116 333 2158; x_wconf 73' lang='lat'><strong>15</strong></span> <span class='ocrx_word' id='word_1_126' title='bbox 364 2097 586 2180; x_wconf 87' lang='lat' dir='ltr'><strong>quales</strong></span> <span class='ocrx_word' id='word_1_127' title='bbox 646 2121 825 2182; x_wconf 86' lang='lat' dir='ltr'><strong>suos,</strong></span> <span class='ocrx_word' id='word_1_128' title='bbox 884 2098 1186 2163; x_wconf 89' lang='lat' dir='ltr'><strong>omnibus</strong></span> <span class='ocrx_word' id='word_1_129' title='bbox 1249 2099 1579 2164; x_wconf 85' lang='lat' dir='ltr'><strong>blanditiis</strong></span> <span class='ocrx_word' id='word_1_130' title='bbox 1640 2104 1892 2164; x_wconf 88' lang='lat' dir='ltr'><strong>tantum</strong></span> <span class='ocrx_word' id='word_1_131' title='bbox 1951 2122 2082 2165; x_wconf 89' lang='lat' dir='ltr'><strong>non</strong></span> <span class='ocrx_word' id='word_1_132' title='bbox 2143 2099 2222 2164; x_wconf 91' lang='lat' dir='ltr'><strong>ad</strong></span> <span class='ocrx_word' id='word_1_133' title='bbox 2282 2098 2652 2163; x_wconf 85' lang='lat' dir='ltr'><strong>societatem</strong></span> 
     </span>
     <span class='ocr_line' id='line_1_17' title="bbox 360 2203 2648 2293; baseline 0 -26"><span class='ocrx_word' id='word_1_134' title='bbox 360 2203 613 2287; x_wconf 86' lang='lat' dir='ltr'><strong>imperii</strong></span> <span class='ocrx_word' id='word_1_135' title='bbox 662 2205 1069 2270; x_wconf 79' lang='lat' dir='ltr'><strong>adlicefactos</strong></span> <span class='ocrx_word' id='word_1_136' title='bbox 1115 2206 1297 2270; x_wconf 89' lang='lat' dir='ltr'><strong>uario</strong></span> <span class='ocrx_word' id='word_1_137' title='bbox 1345 2229 1577 2293; x_wconf 89' lang='lat' dir='ltr'><strong>genere</strong></span> <span class='ocrx_word' id='word_1_138' title='bbox 1621 2207 1866 2271; x_wconf 85' lang='lat' dir='ltr'><strong>fraudis</strong></span> <span class='ocrx_word' id='word_1_139' title='bbox 1915 2207 2147 2272; x_wconf 87' lang='lat' dir='ltr'><strong>occidit</strong></span> <span class='ocrx_word' id='word_1_140' title='bbox 2155 2259 2172 2289; x_wconf 88' lang='lat'><em>‚</em></span> <span class='ocrx_word' id='word_1_141' title='bbox 2221 2205 2412 2271; x_wconf 83' lang='lat' dir='ltr'><strong>etiam</strong></span> <span class='ocrx_word' id='word_1_142' title='bbox 2449 2227 2648 2270; x_wconf 90' lang='lat' dir='ltr'><strong>unum</strong></span> 
     </span>
     <span class='ocr_line' id='line_1_18' title="bbox 358 2313 2651 2400; baseline 0.002 -27"><span class='ocrx_word' id='word_1_143' title='bbox 358 2332 605 2375; x_wconf 87' lang='lat' dir='ltr'><strong>ueneno</strong></span> <span class='ocrx_word' id='word_1_144' title='bbox 652 2335 846 2376; x_wconf 91' lang='lat' dir='ltr'><strong>manu</strong></span> <span class='ocrx_word' id='word_1_145' title='bbox 894 2334 1009 2376; x_wconf 85' lang='lat' dir='ltr'><strong>sua</strong></span> <span class='ocrx_word' id='word_1_146' title='bbox 1052 2318 1351 2397; x_wconf 88' lang='lat' dir='ltr'><strong>porrecto</strong></span> <span class='ocrx_word' id='word_1_147' title='bbox 1396 2313 1465 2377; x_wconf 91' lang='lat' dir='ltr'><strong>in</strong></span> <span class='ocrx_word' id='word_1_148' title='bbox 1512 2335 1718 2397; x_wconf 89' lang='lat' dir='ltr'><strong>aquae</strong></span> <span class='ocrx_word' id='word_1_149' title='bbox 1773 2313 2044 2400; x_wconf 84' lang='lat' dir='ltr'><strong>frigidae</strong></span> <span class='ocrx_word' id='word_1_150' title='bbox 2099 2313 2390 2398; x_wconf 82' lang='lat' dir='ltr'><strong>potione,</strong></span> <span class='ocrx_word' id='word_1_151' title='bbox 2456 2335 2651 2396; x_wconf 89' lang='lat' dir='ltr'><strong>quam</strong></span> 
     </span>
     <span class='ocr_line' id='line_1_19' title="bbox 358 2417 2721 2504; baseline 0.001 -24"><span class='ocrx_word' id='word_1_152' title='bbox 358 2417 415 2480; x_wconf 83' lang='lat' dir='ltr'><strong>is</strong></span> <span class='ocrx_word' id='word_1_153' title='bbox 475 2417 763 2483; x_wconf 82' lang='lat' dir='ltr'><strong>adfectus</strong></span> <span class='ocrx_word' id='word_1_154' title='bbox 821 2418 998 2484; x_wconf 88' lang='lat' dir='ltr'><strong>febre</strong></span> <span class='ocrx_word' id='word_1_155' title='bbox 1057 2426 1457 2504; x_wconf 80' lang='lat' dir='ltr'><strong>poposcerat.</strong></span> <span class='ocrx_word' id='word_1_156' title='bbox 1546 2425 1688 2484; x_wconf 87' lang='lat' dir='ltr'><strong>tum</strong></span> <span class='ocrx_word' id='word_1_157' title='bbox 1746 2420 2222 2485; x_wconf 87' lang='lat' dir='ltr'><strong>faeneratorum</strong></span> <span class='ocrx_word' id='word_1_158' title='bbox 2279 2425 2344 2485; x_wconf 90' lang='lat' dir='ltr'><strong>et</strong></span> <span class='ocrx_word' id='word_1_159' title='bbox 2389 2418 2652 2503; x_wconf 84' lang='lat' dir='ltr'><strong>stipula-</strong></span> <span class='ocrx_word' id='word_1_160' title='bbox 2690 2435 2721 2482; x_wconf 82' lang='lat'>2</span> 
     </span>
     <span class='ocr_line' id='line_1_20' title="bbox 358 2525 2650 2610; baseline 0.002 -24"><span class='ocrx_word' id='word_1_161' title='bbox 358 2529 575 2588; x_wconf 87' lang='lat' dir='ltr'><strong>torum</strong></span> <span class='ocrx_word' id='word_1_162' title='bbox 620 2525 1257 2610; x_wconf 88' lang='lat' dir='ltr'><strong>publicanorumque,</strong></span> <span class='ocrx_word' id='word_1_163' title='bbox 1306 2527 1420 2609; x_wconf 90' lang='lat' dir='ltr'><strong>qui</strong></span> <span class='ocrx_word' id='word_1_164' title='bbox 1464 2549 1776 2610; x_wconf 91' lang='lat' dir='ltr'><strong>umquam</strong></span> <span class='ocrx_word' id='word_1_165' title='bbox 1820 2548 1890 2591; x_wconf 89' lang='lat' dir='ltr'><strong>se</strong></span> <span class='ocrx_word' id='word_1_166' title='bbox 1927 2531 2038 2591; x_wconf 87' lang='lat' dir='ltr'><strong>aut</strong></span> <span class='ocrx_word' id='word_1_167' title='bbox 2077 2527 2317 2592; x_wconf 87' lang='lat' dir='ltr'><strong>Romae</strong></span> <span class='ocrx_word' id='word_1_168' title='bbox 2363 2527 2650 2591; x_wconf 88' lang='lat' dir='ltr'><strong>debitum</strong></span> 
     </span>
     <span class='ocr_line' id='line_1_21' title="bbox 272 2631 2651 2719; baseline 0.002 -28"><span class='ocrx_word' id='word_1_169' title='bbox 272 2651 331 2690; x_wconf 71' lang='lat' dir='ltr'><strong>ao</strong></span> <span class='ocrx_word' id='word_1_170' title='bbox 358 2634 471 2694; x_wconf 90' lang='lat' dir='ltr'><strong>aut</strong></span> <span class='ocrx_word' id='word_1_171' title='bbox 524 2631 595 2694; x_wconf 90' lang='lat' dir='ltr'><strong>in</strong></span> <span class='ocrx_word' id='word_1_172' title='bbox 648 2631 757 2696; x_wconf 90' lang='lat' dir='ltr'><strong>uia</strong></span> <span class='ocrx_word' id='word_1_173' title='bbox 802 2633 1165 2716; x_wconf 88' lang='lat' dir='ltr'><strong>portorium</strong></span> <span class='ocrx_word' id='word_1_174' title='bbox 1215 2633 1629 2719; x_wconf 83' lang='lat' dir='ltr'><strong>flagitassent,</strong></span> <span class='ocrx_word' id='word_1_175' title='bbox 1690 2633 1802 2699; x_wconf 86' lang='lat' dir='ltr'><strong>uix</strong></span> <span class='ocrx_word' id='word_1_176' title='bbox 1847 2633 1966 2698; x_wconf 91' lang='lat' dir='ltr'><strong>ulli</strong></span> <span class='ocrx_word' id='word_1_177' title='bbox 2012 2634 2326 2718; x_wconf 82' lang='lat' dir='ltr'><strong>pepercit3</strong></span> <span class='ocrx_word' id='word_1_178' title='bbox 2391 2654 2468 2696; x_wconf 81' lang='lat' dir='ltr'><strong>ex</strong></span> <span class='ocrx_word' id='word_1_179' title='bbox 2517 2634 2651 2717; x_wconf 89' lang='lat' dir='ltr'><strong>qui—</strong></span> 
     </span>
     <span class='ocr_line' id='line_1_22' title="bbox 356 2737 2711 2826; baseline 0.002 -26"><span class='ocrx_word' id='word_1_180' title='bbox 356 2737 479 2800; x_wconf 86' lang='lat' dir='ltr'><strong>bus</strong></span> <span class='ocrx_word' id='word_1_181' title='bbox 540 2739 856 2820; x_wconf 86' lang='lat' dir='ltr'><strong>quendam</strong></span> <span class='ocrx_word' id='word_1_182' title='bbox 922 2740 992 2804; x_wconf 92' lang='lat' dir='ltr'><strong>in</strong></span> <span class='ocrx_word' id='word_1_183' title='bbox 1050 2740 1191 2823; x_wconf 84' lang='lat' dir='ltr'><strong>ipsa</strong></span> <span class='ocrx_word' id='word_1_184' title='bbox 1252 2740 1638 2804; x_wconf 79' lang='lat' dir='ltr'><strong>salutatione</strong></span> <span class='ocrx_word' id='word_1_185' title='bbox 1683 2739 2002 2826; x_wconf 86' lang='lat' dir='ltr'><strong>supplicio</strong></span> <span class='ocrx_word' id='word_1_186' title='bbox 2047 2740 2361 2804; x_wconf 87' lang='lat' dir='ltr'><strong>traditum</strong></span> <span class='ocrx_word' id='word_1_187' title='bbox 2408 2739 2654 2804; x_wconf 84' lang='lat' dir='ltr'><strong>statim-</strong></span> <span class='ocrx_word' id='word_1_188' title='bbox 2705 2797 2711 2804; x_wconf 95' lang='lat'><strong>.</strong></span> 
     </span>
     <span class='ocr_line' id='line_1_23' title="bbox 356 2846 2652 2930; baseline 0.002 -24"><span class='ocrx_word' id='word_1_189' title='bbox 356 2863 486 2926; x_wconf 86' lang='lat' dir='ltr'><strong>que</strong></span> <span class='ocrx_word' id='word_1_190' title='bbox 530 2850 922 2928; x_wconf 88' lang='lat' dir='ltr'><strong>reuocatum,</strong></span> <span class='ocrx_word' id='word_1_191' title='bbox 969 2847 1216 2911; x_wconf 85' lang='lat' dir='ltr'><strong>cunctis</strong></span> <span class='ocrx_word' id='word_1_192' title='bbox 1264 2847 1668 2911; x_wconf 88' lang='lat' dir='ltr'><strong>clementiam</strong></span> <span class='ocrx_word' id='word_1_193' title='bbox 1713 2846 2144 2930; x_wconf 76' lang='lat' dir='ltr'><strong>laudantibuS,</strong></span> <span class='ocrx_word' id='word_1_194' title='bbox 2199 2867 2414 2912; x_wconf 90' lang='lat' dir='ltr'><strong>coram</strong></span> <span class='ocrx_word' id='word_1_195' title='bbox 2459 2846 2652 2910; x_wconf 88' lang='lat' dir='ltr'><strong>inter-</strong></span> 
     </span>
     <span class='ocr_line' id='line_1_24' title="bbox 354 2949 2650 3038; baseline 0.001 -25"><span class='ocrx_word' id='word_1_196' title='bbox 354 2949 463 3013; x_wconf 87' lang='lat' dir='ltr'><strong>fici</strong></span> <span class='ocrx_word' id='word_1_197' title='bbox 509 2951 725 3036; x_wconf 87' lang='lat' dir='ltr'><strong>iussit,</strong></span> <span class='ocrx_word' id='word_1_198' title='bbox 770 2953 974 3018; x_wconf 88' lang='lat' dir='ltr'><strong>uelle</strong></span> <span class='ocrx_word' id='word_1_199' title='bbox 1016 2975 1094 3018; x_wconf 83' lang='lat' dir='ltr'><strong>se</strong></span> <span class='ocrx_word' id='word_1_200' title='bbox 1142 2953 1357 3018; x_wconf 87' lang='lat' dir='ltr'><strong>dicens</strong></span> <span class='ocrx_word' id='word_1_201' title='bbox 1394 2976 1709 3038; x_wconf 86' lang='lat' dir='ltr'><strong>pascere</strong></span> <span class='ocrx_word' id='word_1_202' title='bbox 1748 2953 2039 3038; x_wconf 85' lang='lat' dir='ltr'><strong>oculos;</strong></span> <span class='ocrx_word' id='word_1_203' title='bbox 2099 2954 2362 3018; x_wconf 85' lang='lat' dir='ltr'><strong>alterius</strong></span> <span class='ocrx_word' id='word_1_204' title='bbox 2408 2973 2650 3036; x_wconf 87' lang='lat' dir='ltr'><strong>poenae</strong></span> 
     </span>
     <span class='ocr_line' id='line_1_25' title="bbox 358 3055 2718 3145; baseline 0.001 -26"><span class='ocrx_word' id='word_1_205' title='bbox 358 3055 519 3121; x_wconf 81' lang='lat' dir='ltr'><strong>duos</strong></span> <span class='ocrx_word' id='word_1_206' title='bbox 558 3057 729 3122; x_wconf 86' lang='lat' dir='ltr'><strong>filios</strong></span> <span class='ocrx_word' id='word_1_207' title='bbox 768 3057 1004 3124; x_wconf 82' lang='lat' dir='ltr'><strong>adiecit</strong></span> <span class='ocrx_word' id='word_1_208' title='bbox 1040 3060 1363 3145; x_wconf 88' lang='lat' dir='ltr'><strong>deprecari</strong></span> <span class='ocrx_word' id='word_1_209' title='bbox 1400 3083 1519 3144; x_wconf 90' lang='lat' dir='ltr'><strong>pro</strong></span> <span class='ocrx_word' id='word_1_210' title='bbox 1557 3065 1740 3145; x_wconf 88' lang='lat' dir='ltr'><strong>patre</strong></span> <span class='ocrx_word' id='word_1_211' title='bbox 1777 3065 2060 3126; x_wconf 82' lang='lat' dir='ltr'><strong>conatos,</strong></span> <span class='ocrx_word' id='word_1_212' title='bbox 2117 3059 2224 3122; x_wconf 84' lang='lat' dir='ltr'><strong>sel</strong></span> <span class='ocrx_word' id='word_1_213' title='bbox 2265 3063 2328 3123; x_wconf 89' lang='lat' dir='ltr'><strong>et</strong></span> <span class='ocrx_word' id='word_1_214' title='bbox 2365 3059 2646 3141; x_wconf 81' lang='lat' dir='ltr'><strong>equitem</strong></span> <span class='ocrx_word' id='word_1_215' title='bbox 2687 3073 2718 3119; x_wconf 85' lang='lat'><strong>3</strong></span> 
     </span>
     <span class='ocr_line' id='line_1_26' title="bbox 273 3161 2652 3253; baseline 0.001 -29"><span class='ocrx_word' id='word_1_216' title='bbox 273 3183 328 3222; x_wconf 76' lang='lat'><strong>2⁵</strong></span> <span class='ocrx_word' id='word_1_217' title='bbox 358 3161 435 3227; x_wconf 83' lang='lat' dir='ltr'><strong>R.</strong></span> <span class='ocrx_word' id='word_1_218' title='bbox 475 3165 996 3250; x_wconf 81' lang='lat' dir='ltr'><strong>proclamantem,</strong></span> <span class='ocrx_word' id='word_1_219' title='bbox 1035 3188 1179 3230; x_wconf 92' lang='lat' dir='ltr'><strong>cum</strong></span> <span class='ocrx_word' id='word_1_220' title='bbox 1217 3173 1549 3251; x_wconf 84' lang='lat' dir='ltr'><strong>raperetur</strong></span> <span class='ocrx_word' id='word_1_221' title='bbox 1584 3166 1665 3232; x_wconf 93' lang='lat' dir='ltr'><strong>ad</strong></span> <span class='ocrx_word' id='word_1_222' title='bbox 1702 3190 2003 3253; x_wconf 87' lang='lat' dir='ltr'><strong>poenam:</strong></span> <span class='ocrx_word' id='word_1_223' title='bbox 2049 3166 2266 3230; x_wconf 87' lang='lat' dir='ltr'><strong>heres</strong></span> <span class='ocrx_word' id='word_1_224' title='bbox 2305 3174 2510 3229; x_wconf 85' lang='lat' dir='ltr'><strong>meus</strong></span> <span class='ocrx_word' id='word_1_225' title='bbox 2548 3186 2652 3245; x_wconf 78' lang='lat' dir='ltr'><strong>ea,</strong></span> 
     </span>
     <span class='ocr_line' id='line_1_27' title="bbox 357 3269 2648 3360; baseline 0.001 -27"><span class='ocrx_word' id='word_1_226' title='bbox 357 3269 662 3335; x_wconf 83' lang='lat' dir='ltr'><strong>exhibere</strong></span> <span class='ocrx_word' id='word_1_227' title='bbox 729 3275 1099 3338; x_wconf 85' lang='lat' dir='ltr'><strong>testamenti</strong></span> <span class='ocrx_word' id='word_1_228' title='bbox 1167 3273 1422 3338; x_wconf 85' lang='lat' dir='ltr'><strong>tabulas</strong></span> <span class='ocrx_word' id='word_1_229' title='bbox 1494 3275 1724 3360; x_wconf 84' lang='lat' dir='ltr'><strong>coegit,</strong></span> <span class='ocrx_word' id='word_1_230' title='bbox 1795 3279 1996 3357; x_wconf 89' lang='lat' dir='ltr'><strong>utque</strong></span> <span class='ocrx_word' id='word_1_231' title='bbox 2055 3273 2216 3360; x_wconf 85' lang='lat' dir='ltr'><strong>legit</strong></span> <span class='ocrx_word' id='word_1_232' title='bbox 2274 3270 2648 3336; x_wconf 85' lang='lat' dir='ltr'><strong>coheredem</strong></span> 
     </span>
     <span class='ocr_line' id='line_1_28' title="bbox 356 3375 2649 3466; baseline 0.001 -27"><span class='ocrx_word' id='word_1_233' title='bbox 356 3375 482 3440; x_wconf 87' lang='lat' dir='ltr'><strong>sibi</strong></span> <span class='ocrx_word' id='word_1_234' title='bbox 529 3377 835 3443; x_wconf 88' lang='lat' dir='ltr'><strong>libertum</strong></span> <span class='ocrx_word' id='word_1_235' title='bbox 883 3380 1021 3444; x_wconf 81' lang='lat' dir='ltr'><strong>eius</strong></span> <span class='ocrx_word' id='word_1_236' title='bbox 1068 3381 1441 3464; x_wconf 88' lang='lat' dir='ltr'><strong>ascriptum,</strong></span> <span class='ocrx_word' id='word_1_237' title='bbox 1488 3380 1768 3466; x_wconf 82' lang='lat' dir='ltr'><strong>iugulari</strong></span> <span class='ocrx_word' id='word_1_238' title='bbox 1814 3401 1960 3444; x_wconf 86' lang='lat' dir='ltr'><strong>cum</strong></span> <span class='ocrx_word' id='word_1_239' title='bbox 2005 3379 2240 3445; x_wconf 89' lang='lat' dir='ltr'><strong>liberto</strong></span> <span class='ocrx_word' id='word_1_240' title='bbox 2289 3378 2649 3462; x_wconf 85' lang='lat' dir='ltr'><strong>imperauit.</strong></span> 
     </span>
     <span class='ocr_line' id='line_1_29' title="bbox 356 3483 2649 3572; baseline 0.001 -27"><span class='ocrx_word' id='word_1_241' title='bbox 356 3483 664 3566; x_wconf 83' lang='lat' dir='ltr'><strong>quosdam</strong></span> <span class='ocrx_word' id='word_1_242' title='bbox 723 3490 790 3549; x_wconf 90' lang='lat' dir='ltr'><strong>et</strong></span> <span class='ocrx_word' id='word_1_243' title='bbox 850 3485 925 3550; x_wconf 91' lang='lat' dir='ltr'><strong>de</strong></span> <span class='ocrx_word' id='word_1_244' title='bbox 986 3486 1171 3571; x_wconf 89' lang='lat' dir='ltr'><strong>plebe</strong></span> <span class='ocrx_word' id='word_1_245' title='bbox 1234 3488 1316 3551; x_wconf 94' lang='lat' dir='ltr'><strong>ob</strong></span> <span class='ocrx_word' id='word_1_246' title='bbox 1378 3487 1443 3551; x_wconf 92' lang='lat' dir='ltr'><strong>id</strong></span> <span class='ocrx_word' id='word_1_247' title='bbox 1504 3487 1736 3571; x_wconf 86' lang='lat' dir='ltr'><strong>ipsum,</strong></span> <span class='ocrx_word' id='word_1_248' title='bbox 1807 3485 1979 3572; x_wconf 91' lang='lat' dir='ltr'><strong>quod</strong></span> <span class='ocrx_word' id='word_1_249' title='bbox 2038 3485 2324 3550; x_wconf 88' lang='lat' dir='ltr'><strong>Venetae</strong></span> <span class='ocrx_word' id='word_1_250' title='bbox 2382 3484 2649 3550; x_wconf 88' lang='lat' dir='ltr'><strong>factioni</strong></span> 
     </span>
     <span class='ocr_line' id='line_1_30' title="bbox 355 3588 2651 3678; baseline 0.001 -26"><span class='ocrx_word' id='word_1_251' title='bbox 355 3590 524 3654; x_wconf 80' lang='lat' dir='ltr'><strong>clare</strong></span> <span class='ocrx_word' id='word_1_252' title='bbox 570 3592 737 3664; x_wconf 86' lang='lat' dir='ltr'><strong>male</strong></span> <span class='ocrx_word' id='word_1_253' title='bbox 785 3593 1093 3674; x_wconf 83' lang='lat' dir='ltr'><strong>dixerant,</strong></span> <span class='ocrx_word' id='word_1_254' title='bbox 1148 3594 1473 3668; x_wconf 89' lang='lat' dir='ltr'><strong>interemit</strong></span> <span class='ocrx_word' id='word_1_255' title='bbox 1530 3599 1905 3678; x_wconf 87' lang='lat' dir='ltr'><strong>contemptu</strong></span> <span class='ocrx_word' id='word_1_256' title='bbox 1953 3595 2050 3658; x_wconf 89' lang='lat' dir='ltr'><strong>sui</strong></span> <span class='ocrx_word' id='word_1_257' title='bbox 2101 3599 2166 3658; x_wconf 88' lang='lat' dir='ltr'><strong>et</strong></span> <span class='ocrx_word' id='word_1_258' title='bbox 2210 3614 2381 3658; x_wconf 91' lang='lat' dir='ltr'><strong>noua</strong></span> <span class='ocrx_word' id='word_1_259' title='bbox 2425 3615 2538 3676; x_wconf 88' lang='lat' dir='ltr'><strong>spe</strong></span> <span class='ocrx_word' id='word_1_260' title='bbox 2585 3588 2651 3676; x_wconf 89' lang='lat' dir='ltr'><strong>id</strong></span> 
     </span>
    </p>
   </div>
   <div class='ocr_carea' id='block_1_3' title="bbox 379 3708 658 3718">
    <p class='ocr_par' dir='ltr' id='par_1_3' title="bbox 379 3708 658 3718">
     <span class='ocr_line' id='line_1_31' title="bbox 379 3708 658 3718; baseline 0 1491"><span class='ocrx_word' id='word_1_261' title='bbox 379 3708 658 3718; x_wconf 95' lang='lat' dir='ltr'><strong> </strong></span> 
     </span>
    </p>
   </div>
   <div class='ocr_carea' id='block_1_4' title="bbox 663 3710 781 3717">
    <p class='ocr_par' dir='ltr' id='par_1_4' title="bbox 663 3710 781 3717">
     <span class='ocr_line' id='line_1_32' title="bbox 663 3710 781 3717; baseline 0.008 -1"><span class='ocrx_word' id='word_1_262' title='bbox 663 3710 781 3717; x_wconf 71' lang='lat'>-—-—-—</span> 
     </span>
    </p>
   </div>
   <div class='ocr_carea' id='block_1_5' title="bbox 342 3767 2650 4637">
    <p class='ocr_par' dir='ltr' id='par_1_5' title="bbox 342 3767 2650 4637">
     <span class='ocr_line' id='line_1_33' title="bbox 501 3767 2649 3838; baseline -0.001 -17"><span class='ocrx_word' id='word_1_263' title='bbox 501 3772 525 3821; x_wconf 81' lang='lat'>1</span> <span class='ocrx_word' id='word_1_264' title='bbox 569 3767 703 3820; x_wconf 85' lang='lat' dir='ltr'><strong>data</strong></span> <span class='ocrx_word' id='word_1_265' title='bbox 738 3769 825 3822; x_wconf 81' lang='lat' dir='ltr'><strong>est</strong></span> <span class='ocrx_word' id='word_1_266' title='bbox 862 3767 915 3821; x_wconf 90' lang='lat' dir='ltr'><strong>ei</strong></span> <span class='ocrx_word' id='word_1_267' title='bbox 953 3775 1073 3837; x_wconf 87' lang='lat' dir='ltr'><strong>(om.</strong></span> <span class='ocrx_word' id='word_1_268' title='bbox 1101 3769 1233 3838; x_wconf 79' lang='lat' dir='ltr'><strong>fuit)</strong></span> <span class='ocrx_word' id='word_1_269' title='bbox 1257 3769 1308 3822; x_wconf 79' lang='lat' dir='ltr'><strong><em>G</em></strong></span> <span class='ocrx_word' id='word_1_270' title='bbox 1462 3768 1788 3823; x_wconf 84' lang='lat' dir='ltr'><strong>aduenticia</strong></span> <span class='ocrx_word' id='word_1_271' title='bbox 1823 3784 1924 3822; x_wconf 85' lang='lat' dir='ltr'><strong>om.</strong></span> <span class='ocrx_word' id='word_1_272' title='bbox 1952 3769 2064 3822; x_wconf 73' lang='lat' dir='ltr'><strong>TN</strong></span> <span class='ocrx_word' id='word_1_273' title='bbox 2204 3774 2236 3820; x_wconf 81' lang='lat'><strong>3</strong></span> <span class='ocrx_word' id='word_1_274' title='bbox 2275 3767 2336 3822; x_wconf 88' lang='lat' dir='ltr'><strong>in</strong></span> <span class='ocrx_word' id='word_1_275' title='bbox 2363 3774 2492 3837; x_wconf 77' lang='lat' dir='ltr'><strong>post</strong></span> <span class='ocrx_word' id='word_1_276' title='bbox 2528 3767 2649 3837; x_wconf 80' lang='lat' dir='ltr'><strong>ipse</strong></span> 
     </span>
     <span class='ocr_line' id='line_1_34' title="bbox 352 3845 2649 3918; baseline 0.001 -20"><span class='ocrx_word' id='word_1_277' title='bbox 352 3845 481 3901; x_wconf 80' lang='lat' dir='ltr'><strong>add.</strong></span> <span class='ocrx_word' id='word_1_278' title='bbox 514 3845 584 3900; x_wconf 88' lang='grc' dir='ltr'><em>Η</em></span> <span class='ocrx_word' id='word_1_279' title='bbox 718 3853 753 3901; x_wconf 76' lang='lat'>4</span> <span class='ocrx_word' id='word_1_280' title='bbox 782 3847 1181 3904; x_wconf 84' lang='grc' dir='ltr'>Τ-ΟΝΔΥΧΟΥ</span> <span class='ocrx_word' id='word_1_281' title='bbox 1211 3850 1275 3917; x_wconf 67' lang='grc' dir='ltr'><strong>(ὰ</strong></span> <span class='ocrx_word' id='word_1_282' title='bbox 1299 3865 1403 3916; x_wconf 76' lang='lat' dir='ltr'><strong>pro</strong></span> <span class='ocrx_word' id='word_1_283' title='bbox 1423 3850 1471 3901; x_wconf 94' lang='grc' dir='ltr'>Δ</span> <span class='ocrx_word' id='word_1_284' title='bbox 1500 3851 1565 3902; x_wconf 75' lang='lat' dir='ltr'><strong>in</strong></span> <span class='ocrx_word' id='word_1_285' title='bbox 1588 3851 1714 3918; x_wconf 81' lang='grc' dir='ltr'><strong>ΤΤ)</strong></span> <span class='ocrx_word' id='word_1_286' title='bbox 1736 3851 1803 3913; x_wconf 73' lang='grc' dir='ltr'><strong>Ω,</strong></span> <span class='ocrx_word' id='word_1_287' title='bbox 1843 3866 1978 3904; x_wconf 79' lang='lat' dir='ltr'><strong>corr.</strong></span> <span class='ocrx_word' id='word_1_288' title='bbox 2009 3851 2070 3902; x_wconf 77' lang='lat' dir='ltr'><strong>in</strong></span> <span class='ocrx_word' id='word_1_289' title='bbox 2099 3849 2218 3903; x_wconf 79' lang='lat' dir='ltr'><strong>edd.</strong></span> <span class='ocrx_word' id='word_1_290' title='bbox 2245 3854 2349 3902; x_wconf 72' lang='lat' dir='ltr'><strong>net.</strong></span> <span class='ocrx_word' id='word_1_291' title='bbox 2382 3847 2560 3915; x_wconf 83' lang='lat' dir='ltr'><strong>(Rom.</strong></span> <span class='ocrx_word' id='word_1_292' title='bbox 2582 3847 2649 3900; x_wconf 87' lang='lat' dir='ltr'><strong>II</strong></span> 
     </span>
     <span class='ocr_line' id='line_1_35' title="bbox 353 3925 2650 3995; baseline 0.001 -17"><span class='ocrx_word' id='word_1_293' title='bbox 353 3925 467 3995; x_wconf 71' lang='lat' dir='ltr'><strong>aL),</strong></span> <span class='ocrx_word' id='word_1_294' title='bbox 502 3941 573 3980; x_wconf 73' lang='lat' dir='ltr'><strong>ss.</strong></span> <span class='ocrx_word' id='word_1_295' title='bbox 602 3929 691 3980; x_wconf 86' lang='lat' dir='ltr'><strong>art</strong></span> <span class='ocrx_word' id='word_1_296' title='bbox 718 3925 989 3981; x_wconf 77' lang='lat' dir='ltr'><strong>ambabus</strong></span> <span class='ocrx_word' id='word_1_297' title='bbox 1022 3930 1081 3980; x_wconf 74' lang='lat' dir='ltr'><strong>in</strong></span> <span class='ocrx_word' id='word_1_298' title='bbox 1099 3927 1197 3982; x_wconf 84' lang='lat' dir='ltr'><strong>LS</strong></span> <span class='ocrx_word' id='word_1_299' title='bbox 1337 3929 1591 3981; x_wconf 85' lang='lat' dir='ltr'><strong>dictabat</strong></span> <span class='ocrx_word' id='word_1_300' title='bbox 1622 3931 1706 3994; x_wconf 83' lang='lat' dir='ltr'><strong>M,</strong></span> <span class='ocrx_word' id='word_1_301' title='bbox 1737 3929 2077 3984; x_wconf 85' lang='lat' dir='ltr'><strong>dictitabant</strong></span> <span class='ocrx_word' id='word_1_302' title='bbox 2109 3929 2160 3984; x_wconf 75' lang='lat' dir='ltr'><em>G</em></span> <span class='ocrx_word' id='word_1_303' title='bbox 2305 3933 2336 3980; x_wconf 83' lang='lat'><strong>5</strong></span> <span class='ocrx_word' id='word_1_304' title='bbox 2365 3943 2650 3982; x_wconf 79' lang='lat' dir='ltr'><strong>scarorum</strong></span> 
     </span>
     <span class='ocr_line' id='line_1_36' title="bbox 352 4007 2648 4077; baseline 0.001 -20"><span class='ocrx_word' id='word_1_305' title='bbox 352 4021 637 4060; x_wconf 75' lang='lat' dir='ltr'><strong>sacrorum</strong></span> <span class='ocrx_word' id='word_1_306' title='bbox 666 4009 743 4061; x_wconf 82' lang='lat' dir='ltr'><em>M</em></span> <span class='ocrx_word' id='word_1_307' title='bbox 878 4007 1219 4061; x_wconf 77' lang='lat' dir='ltr'><strong>fasianamm</strong></span> <span class='ocrx_word' id='word_1_308' title='bbox 1248 4008 1406 4076; x_wconf 82' lang='lat' dir='ltr'><strong>(fase-</strong></span> <span class='ocrx_word' id='word_1_309' title='bbox 1439 4009 1647 4077; x_wconf 78' lang='lat' dir='ltr'><em>ML81)</em></span> <span class='ocrx_word' id='word_1_310' title='bbox 1683 4011 1755 4063; x_wconf 87' lang='lat' dir='ltr'><em>M</em></span> <span class='ocrx_word' id='word_1_311' title='bbox 1755 4009 1968 4076; x_wconf 78' lang='lat' dir='ltr'><strong>GLPS,</strong></span> <span class='ocrx_word' id='word_1_312' title='bbox 2005 4008 2348 4062; x_wconf 80' lang='lat' dir='ltr'><strong>fasianorum</strong></span> <span class='ocrx_word' id='word_1_313' title='bbox 2385 4007 2544 4076; x_wconf 79' lang='lat' dir='ltr'><strong>(fase—</strong></span> <span class='ocrx_word' id='word_1_314' title='bbox 2573 4007 2648 4070; x_wconf 88' lang='lat' dir='ltr'><strong>R)</strong></span> 
     </span>
     <span class='ocr_line' id='line_1_37' title="bbox 350 4085 2552 4157; baseline 0 -19"><span class='ocrx_word' id='word_1_315' title='bbox 350 4085 419 4137; x_wconf 87' lang='lat' dir='ltr'><em>H</em></span> <span class='ocrx_word' id='word_1_316' title='bbox 424 4087 544 4153; x_wconf 77' lang='lat' dir='ltr'><strong>TN,</strong></span> <span class='ocrx_word' id='word_1_317' title='bbox 582 4085 1037 4155; x_wconf 76' lang='lat' dir='ltr'><strong>fasianorumque</strong></span> <span class='ocrx_word' id='word_1_318' title='bbox 1072 4089 1122 4141; x_wconf 88' lang='grc' dir='ltr'><em>Τ</em></span> <span class='ocrx_word' id='word_1_319' title='bbox 1230 4105 1476 4157; x_wconf 85' lang='lat' dir='ltr'><strong>paonum</strong></span> <span class='ocrx_word' id='word_1_320' title='bbox 1508 4090 1581 4143; x_wconf 84' lang='lat' dir='ltr'><strong><em>M</em></strong></span> <span class='ocrx_word' id='word_1_321' title='bbox 1582 4089 1633 4142; x_wconf 81' lang='lat' dir='ltr'><em>G</em></span> <span class='ocrx_word' id='word_1_322' title='bbox 1744 4094 1774 4140; x_wconf 87' lang='lat'><strong>6</strong></span> <span class='ocrx_word' id='word_1_323' title='bbox 1815 4087 2377 4156; x_wconf 83' lang='lat' dir='ltr'><strong>phoenicopterorum</strong></span> <span class='ocrx_word' id='word_1_324' title='bbox 2406 4086 2552 4140; x_wconf 73' lang='lat' dir='ltr'><strong>Roth</strong></span> 
     </span>
     <span class='ocr_line' id='line_1_38' title="bbox 350 4164 2646 4238; baseline 0 -20"><span class='ocrx_word' id='word_1_325' title='bbox 350 4164 552 4233; x_wconf 86' lang='lat' dir='ltr'><strong>pathia</strong></span> <span class='ocrx_word' id='word_1_326' title='bbox 590 4167 646 4222; x_wconf 86' lang='lat' dir='ltr'><em>R</em></span> <span class='ocrx_word' id='word_1_327' title='bbox 682 4169 1043 4235; x_wconf 61' lang='lat' dir='ltr'><strong>(coniecoeunt</strong></span> <span class='ocrx_word' id='word_1_328' title='bbox 1088 4167 1416 4238; x_wconf 85' lang='lat' dir='ltr'><strong>Carpathio,</strong></span> <span class='ocrx_word' id='word_1_329' title='bbox 1464 4167 1712 4234; x_wconf 84' lang='lat' dir='ltr'><strong>Carteia,</strong></span> <span class='ocrx_word' id='word_1_330' title='bbox 1759 4167 2090 4235; x_wconf 80' lang='lat' dir='ltr'><strong>carpetano)</strong></span> <span class='ocrx_word' id='word_1_331' title='bbox 2177 4209 2184 4217; x_wconf 91' lang='lat'><strong>.</strong></span> <span class='ocrx_word' id='word_1_332' title='bbox 2309 4171 2337 4216; x_wconf 83' lang='grc'><strong>’1</strong></span> <span class='ocrx_word' id='word_1_333' title='bbox 2375 4181 2646 4219; x_wconf 76' lang='lat' dir='ltr'><strong>nauarcos</strong></span> 
     </span>
     <span class='ocr_line' id='line_1_39' title="bbox 356 4244 2647 4318; baseline -0.001 -19"><span class='ocrx_word' id='word_1_334' title='bbox 356 4245 592 4301; x_wconf 77' lang='lat' dir='ltr'><em>MGXR</em></span> <span class='ocrx_word' id='word_1_335' title='bbox 809 4254 872 4301; x_wconf 87' lang='grc'><strong>11</strong></span> <span class='ocrx_word' id='word_1_336' title='bbox 912 4247 1063 4300; x_wconf 87' lang='lat' dir='ltr'><strong>farra</strong></span> <span class='ocrx_word' id='word_1_337' title='bbox 1100 4265 1133 4307; x_wconf 89' lang='grc' dir='ltr'><strong>ς</strong></span> <span class='ocrx_word' id='word_1_338' title='bbox 1180 4250 1281 4318; x_wconf 81' lang='lat' dir='ltr'><strong>(ed.</strong></span> <span class='ocrx_word' id='word_1_339' title='bbox 1312 4251 1471 4304; x_wconf 71' lang='lat' dir='ltr'><strong>Rovn.</strong></span> <span class='ocrx_word' id='word_1_340' title='bbox 1501 4250 1615 4317; x_wconf 73' lang='grc' dir='ltr'><strong>ΙΙ),</strong></span> <span class='ocrx_word' id='word_1_341' title='bbox 1669 4247 1832 4301; x_wconf 76' lang='lat' dir='ltr'><strong>farris</strong></span> <span class='ocrx_word' id='word_1_342' title='bbox 1879 4247 2059 4301; x_wconf 82' lang='lat' dir='ltr'><strong>frusta</strong></span> <span class='ocrx_word' id='word_1_343' title='bbox 2106 4249 2267 4316; x_wconf 79' lang='lat' dir='ltr'><strong>(-stra</strong></span> <span class='ocrx_word' id='word_1_344' title='bbox 2305 4248 2350 4315; x_wconf 81' lang='grc' dir='ltr'><strong>ε)</strong></span> <span class='ocrx_word' id='word_1_345' title='bbox 2381 4263 2437 4313; x_wconf 85' lang='grc' dir='ltr'><strong>ς,</strong></span> <span class='ocrx_word' id='word_1_346' title='bbox 2483 4244 2647 4298; x_wconf 76' lang='lat' dir='ltr'><strong>farris</strong></span> 
     </span>
     <span class='ocr_line' id='line_1_40' title="bbox 350 4326 2648 4398; baseline 0 -20"><span class='ocrx_word' id='word_1_347' title='bbox 350 4341 529 4395; x_wconf 84' lang='lat' dir='ltr'><strong>grana</strong></span> <span class='ocrx_word' id='word_1_348' title='bbox 562 4326 723 4392; x_wconf 72' lang='lat' dir='ltr'><strong>Oad„</strong></span> <span class='ocrx_word' id='word_1_349' title='bbox 758 4327 1053 4381; x_wconf 74' lang='lat' dir='ltr'><strong>fai-cimina</strong></span> <span class='ocrx_word' id='word_1_350' title='bbox 1089 4330 1345 4398; x_wconf 79' lang='lat' dir='ltr'><strong>Bentley,</strong></span> <span class='ocrx_word' id='word_1_351' title='bbox 1392 4329 1510 4381; x_wconf 90' lang='lat' dir='ltr'><strong>liba</strong></span> <span class='ocrx_word' id='word_1_352' title='bbox 1552 4328 1716 4381; x_wconf 79' lang='lat' dir='ltr'><strong>farris</strong></span> <span class='ocrx_word' id='word_1_353' title='bbox 1754 4329 1926 4394; x_wconf 76' lang='lat' dir='ltr'><strong>Roth,</strong></span> <span class='ocrx_word' id='word_1_354' title='bbox 1973 4327 2138 4381; x_wconf 84' lang='lat' dir='ltr'><strong>farris</strong></span> <span class='ocrx_word' id='word_1_355' title='bbox 2183 4342 2357 4396; x_wconf 79' lang='lat' dir='ltr'><strong>panea</strong></span> <span class='ocrx_word' id='word_1_356' title='bbox 2397 4326 2513 4395; x_wconf 76' lang='lat' dir='ltr'><strong>(hoc</strong></span> <span class='ocrx_word' id='word_1_357' title='bbox 2541 4342 2648 4393; x_wconf 73' lang='lat' dir='ltr'><strong>pro</strong></span> 
     </span>
     <span class='ocr_line' id='line_1_41' title="bbox 350 4403 2649 4476; baseline 0.001 -18"><span class='ocrx_word' id='word_1_358' title='bbox 350 4407 549 4475; x_wconf 86' lang='lat' dir='ltr'><strong>paene)</strong></span> <span class='ocrx_word' id='word_1_359' title='bbox 582 4403 651 4461; x_wconf 75' lang='lat' dir='ltr'><strong>G.</strong></span> <span class='ocrx_word' id='word_1_360' title='bbox 680 4408 885 4462; x_wconf 79' lang='lat' dir='ltr'><strong>Becker</strong></span> <span class='ocrx_word' id='word_1_361' title='bbox 1026 4409 1319 4462; x_wconf 84' lang='lat' dir='ltr'><strong>mandaret</strong></span> <span class='ocrx_word' id='word_1_362' title='bbox 1343 4409 1394 4463; x_wconf 76' lang='lat' dir='ltr'><em>G</em></span> <span class='ocrx_word' id='word_1_363' title='bbox 1541 4413 1606 4462; x_wconf 81' lang='lat'><strong>13</strong></span> <span class='ocrx_word' id='word_1_364' title='bbox 1643 4410 1700 4462; x_wconf 88' lang='lat' dir='ltr'><strong>et</strong></span> <span class='ocrx_word' id='word_1_365' title='bbox 1726 4423 2079 4476; x_wconf 87' lang='lat' dir='ltr'><strong>quacumque</strong></span> <span class='ocrx_word' id='word_1_366' title='bbox 2108 4409 2170 4460; x_wconf 71' lang='lat' dir='ltr'><strong>in</strong></span> <span class='ocrx_word' id='word_1_367' title='bbox 2196 4423 2369 4476; x_wconf 64' lang='lat' dir='ltr'><strong>marg.</strong></span> <span class='ocrx_word' id='word_1_368' title='bbox 2399 4405 2527 4460; x_wconf 80' lang='lat' dir='ltr'><strong>add.</strong></span> <span class='ocrx_word' id='word_1_369' title='bbox 2553 4404 2649 4460; x_wconf 79' lang='lat' dir='ltr'><strong>M²</strong></span> 
     </span>
     <span class='ocr_line' id='line_1_42' title="bbox 351 4486 2649 4558; baseline 0 -20"><span class='ocrx_word' id='word_1_370' title='bbox 351 4489 421 4539; x_wconf 66' lang='lat'><strong>‚15</strong></span> <span class='ocrx_word' id='word_1_371' title='bbox 457 4502 571 4539; x_wconf 88' lang='lat' dir='ltr'><strong>non</strong></span> <span class='ocrx_word' id='word_1_372' title='bbox 598 4503 700 4540; x_wconf 83' lang='lat' dir='ltr'><strong>om.</strong></span> <span class='ocrx_word' id='word_1_373' title='bbox 734 4489 809 4542; x_wconf 83' lang='lat' dir='ltr'><em>M</em></span> <span class='ocrx_word' id='word_1_374' title='bbox 987 4493 1051 4541; x_wconf 90' lang='grc'><strong>18</strong></span> <span class='ocrx_word' id='word_1_375' title='bbox 1090 4490 1211 4541; x_wconf 90' lang='lat' dir='ltr'><strong>tum</strong></span> <span class='ocrx_word' id='word_1_376' title='bbox 1248 4490 1403 4556; x_wconf 90' lang='lat' dir='ltr'><strong>(tunc</strong></span> <span class='ocrx_word' id='word_1_377' title='bbox 1440 4490 1510 4558; x_wconf 83' lang='lat' dir='ltr'><strong>T)</strong></span> <span class='ocrx_word' id='word_1_378' title='bbox 1541 4492 1597 4542; x_wconf 85' lang='grc' dir='ltr'><em>Χ</em></span> <span class='ocrx_word' id='word_1_379' title='bbox 1600 4492 1659 4554; x_wconf 82' lang='lat' dir='ltr'><strong>Y,</strong></span> <span class='ocrx_word' id='word_1_380' title='bbox 1697 4491 1818 4541; x_wconf 86' lang='lat' dir='ltr'><strong>tam</strong></span> <span class='ocrx_word' id='word_1_381' title='bbox 1850 4487 1989 4551; x_wconf 69' lang='grc' dir='ltr'><strong>ΜΘ,</strong></span> <span class='ocrx_word' id='word_1_382' title='bbox 2029 4487 2144 4540; x_wconf 86' lang='lat' dir='ltr'><strong>iam</strong></span> <span class='ocrx_word' id='word_1_383' title='bbox 2173 4486 2478 4542; x_wconf 78' lang='lat' dir='ltr'><strong>Salmasius</strong></span> <span class='ocrx_word' id='word_1_384' title='bbox 2510 4492 2649 4540; x_wconf 78' lang='lat' dir='ltr'><strong>recte</strong></span> 
     </span>
     <span class='ocr_line' id='line_1_43' title="bbox 342 4566 2647 4637; baseline -0.002 -15"><span class='ocrx_word' id='word_1_385' title='bbox 342 4573 483 4635; x_wconf 78' lang='lat' dir='ltr'><strong>puto</strong></span> <span class='ocrx_word' id='word_1_386' title='bbox 512 4567 602 4634; x_wconf 79' lang='lat' dir='ltr'><strong>(ef.</strong></span> <span class='ocrx_word' id='word_1_387' title='bbox 632 4569 743 4622; x_wconf 80' lang='lat' dir='ltr'><strong>Iul.</strong></span> <span class='ocrx_word' id='word_1_388' title='bbox 772 4571 867 4637; x_wconf 82' lang='lat'><strong>27)</strong></span> <span class='ocrx_word' id='word_1_389' title='bbox 979 4575 1047 4621; x_wconf 82' lang='grc'><strong>26</strong></span> <span class='ocrx_word' id='word_1_390' title='bbox 1075 4568 1297 4622; x_wconf 83' lang='lat' dir='ltr'><strong>tabulas</strong></span> <span class='ocrx_word' id='word_1_391' title='bbox 1327 4569 1652 4622; x_wconf 85' lang='lat' dir='ltr'><strong>testamenti</strong></span> <span class='ocrx_word' id='word_1_392' title='bbox 1686 4569 1738 4622; x_wconf 81' lang='lat' dir='ltr'><strong>G-</strong></span> <span class='ocrx_word' id='word_1_393' title='bbox 1843 4567 2040 4635; x_wconf 89' lang='lat' dir='ltr'><strong>utique</strong></span> <span class='ocrx_word' id='word_1_394' title='bbox 2064 4569 2148 4633; x_wconf 82' lang='lat' dir='ltr'><strong>M,</strong></span> <span class='ocrx_word' id='word_1_395' title='bbox 2177 4566 2386 4633; x_wconf 86' lang='lat' dir='ltr'><strong>ubique</strong></span> <span class='ocrx_word' id='word_1_396' title='bbox 2415 4566 2647 4620; x_wconf 77' lang='lat' dir='ltr'><strong>Salmas,</strong></span> 
     </span>
    </p>
   </div>
  </div>
 </body>
</html>
