3259 5209
1160 447 1495 503 TIBERIVS
1532 459 1667 510 [cu.
1695 459 1872 510 es-es]
2538 449 2658 513 157

366 615 573 675 strae
618 611 707 675 de
752 633 861 676 me
906 611 1262 696 opinioni
1308 591 1591 696 eripiat
1630 649 1714 658 —
1761 611 1962 677 nihil
2005 611 2323 678 honoris
2378 612 2664 678 adiciet

366 716 553 782 mihi
600 717 856 801 patria
898 718 1357 803 appellati0,
1410 718 1635 784 uobis
1680 723 1930 783 autem
1977 717 2488 803 exprobrabit
2532 725 2664 784 aut

366 824 889 890 temeritatem
946 824 1184 890 delati
1239 824 1426 890 mihi
1474 825 1638 890 eius
1695 825 2182 912 cognominis
2227 831 2358 891 aut
2405 825 2662 891 incon-

366 931 735 996 stantiam
782 931 1159 997 contrarii
1207 933 1293 997 de
1338 953 1449 997 me
1496 931 1790 996 iudicii.

300 1061 335 1101 s
546 1034 829 1122 Corpore
882 1038 1009 1104 fuit
1064 1039 1279 1124 amplo
1334 1043 1531 1124 atque
1576 1038 1878 1121 robuste,
1923 1042 2174 1104 statura
2221 1061 2384 1122 quae
2429 1039 2662 1104 iustam
2675 1037 2769 1104 68

364 1145 725 1230 excederet3
777 1145 949 1210 latus
1006 1146 1087 1210 ab
1143 1145 1381 1211 umeris
1436 1149 1501 1210 et
1546 1151 1836 1230 pectore,
1892 1145 2122 1210 ceteris
2169 1167 2425 1231 quoque
2471 1167 2664 1210 mem-

364 1251 502 1315 bris
565 1273 771 1334 usque
836 1252 919 1317 ad
982 1253 1148 1317 imos
1210 1252 1406 1337 pedes
1470 1251 1756 1336 aequalis
1822 1257 1887 1316 et
1952 1273 2340 1339 congruens3
2403 1253 2666 1318 sinistra

362 1379 562 1422 manu
605 1359 877 1445 agiliore
930 1381 1003 1424 ac
1058 1359 1399 1443 ualidiore,
1454 1358 1746 1424 articulis
1791 1358 1886 1424 ita
1930 1359 2161 1444 firmis,
2215 1364 2290 1425 ut
2335 1381 2552 1426 recens
2599 1365 2664 1425 et

362 1463 693 1550 integrum
758 1465 999 1530 malum
1064 1466 1273 1552 digito
1338 1465 1723 1548 terebraret,
1797 1471 1990 1550 caput
2052 1466 2238 1550 pueri
2300 1466 2409 1530 uel
2471 1467 2664 1532 etiam

276 1595 337 1634 ιο
365 1571 797 1637 adulescentis
851 1573 1075 1638 talitro
1131 1573 1515 1638 uulneraret.
1606 1573 1822 1638 colore
1877 1577 2012 1637 erat
2065 1571 2364 1657 candide,
2425 1573 2660 1658 capillo
2701 1587 2732 1636 2

362 1700 535 1764 pone
589 1679 969 1764 occipitium
1034 1679 1472 1746 summissiore
1535 1683 1609 1744 ut
1673 1678 1989 1744 ceruicem
2054 1680 2250 1744 etiam
2315 1679 2662 1766 obtegeret,

364 1785 541 1869 quod
585 1785 831 1872 gentile
884 1786 953 1850 in
999 1787 1113 1852 illo
1160 1786 1529 1871 uidebatur3
1589 1785 1752 1851 facie
1799 1786 2098 1870 honesta,
2152 1786 2220 1850 in
2275 1809 2404 1870 qua
2446 1791 2664 1852 tamen

364 1891 575 1957 crebri
630 1897 695 1956 et
750 1893 952 1958 subiti
1008 1897 1322 1978 tumores,
1384 1914 1531 1958 cum
1588 1892 2096 1980 praegrandibus
2151 1892 2355 1958 oculis
2411 1897 2476 1958 et
2532 1895 2662 1979 qui,

364 1999 539 2082 quod
592 2000 829 2064 mirum
886 2005 1082 2083 esset,
1136 2005 1337 2066 noctu
1390 2000 1586 2064 etiam
1630 2005 1698 2064 et
1742 1999 1809 2064 in
1856 1999 2140 2064 tenebris
2187 1999 2503 2084 uiderent,
2549 2000 2661 2066 sed

274 2125 335 2164 1⁵
362 2105 443 2170 ad
492 2105 682 2170 breue
728 2110 793 2172 et
839 2128 983 2172 cum
1030 2107 1312 2190 primum
1360 2129 1393 2172 e
1440 2127 1668 2172 somno
1708 2106 2092 2191 patuissent3
2137 2105 2364 2172 deinde
2401 2128 2658 2172 rursum

361 2211 805 2278 hebescebant.
882 2213 1215 2278 incedebat
1260 2214 1507 2278 ceruice
1544 2213 1756 2298 rigida
1791 2217 1855 2277 et
1893 2211 2174 2298 obstipa,
2209 2213 2485 2278 adducto
2525 2213 2658 2279 fero
2697 2229 2728 2274 3

358 2318 569 2402 uultu,
640 2317 1019 2404 plerumque
1090 2321 1356 2407 tacitus,
1426 2318 1606 2384 nullo
1681 2324 1796 2384 aut
1859 2318 2189 2384 rarissimo
2253 2321 2448 2386 etiam
2514 2342 2660 2385 cum

360 2427 675 2510 proximis
732 2447 1025 2492 sermone
1080 2447 1283 2510 eoque
1340 2426 1737 2511 tardissimO,
1791 2447 1906 2490 nec
1961 2427 2100 2490 sine
2153 2426 2338 2492 molli
2384 2427 2658 2511 quadam

360 2531 711 2618 digitorum
776 2532 1286 2618 gesticulatione.
1387 2554 1551 2617 quae
1615 2533 1833 2598 omnia
1905 2533 2162 2618 ingrata
2223 2538 2418 2617 atque
2487 2555 2660 2599 arro-

275 2659 337 2698 so
362 2639 619 2724 gantiae
681 2641 875 2724 plena
936 2643 1003 2705 et
1066 2639 1519 2704 animaduertit
1570 2639 1910 2726 Augustus
1975 2640 2042 2704 in
2108 2661 2183 2705 eo
2239 2645 2304 2704 et
2359 2661 2658 2706 excusare

360 2746 709 2830 temptauit
745 2767 934 2838 saepe
970 2747 1143 2830 apud
1168 2751 1463 2812 senatum
1500 2768 1575 2811 ac
1610 2745 1924 2831 populum
1967 2746 2298 2832 professus
2337 2752 2656 2814 naturae

360 2851 561 2917 uitia
588 2873 778 2936 esse,
814 2874 963 2918 non
990 2853 1241 2918 animi.
1306 2853 1662 2918 ualitudine
1699 2854 2134 2938 prosperrima
2161 2876 2314 2918 usus
2345 2859 2460 2937 est,
2499 2858 2657 2919 tem·
2693 2867 2728 2914 4

361 2979 517 3042 pore
564 2958 820 3042 quidem
876 2959 1283 3044 principatus
1337 2980 1539 3044 paene
1593 2964 1735 3024 toto
1790 2982 1992 3044 prope
2039 2961 2302 3044 inlaesa,
2359 2963 2655 3044 quamuis

360 3088 399 3129 a
442 3065 771 3131 tricesimo
816 3068 1047 3132 aetatis
1094 3089 1262 3131 anno
1308 3067 1625 3132 arbitratu
1673 3090 1812 3132 eam
1860 3089 1978 3131 suo
2024 3067 2262 3132 rexerit
2307 3067 2444 3132 sine
2481 3068 2654 3132 adiu·

274 3191 331 3230 25
358 3176 579 3237 mento
626 3163 979 3239 consilioue
1024 3173 1433 3239 medicorum.

539 3278 725 3345 Circa
782 3279 935 3346 deos
996 3301 1070 3344 ac
1133 3279 1479 3365 religiones
1534 3279 2006 3366 neglegentior,
2063 3281 2303 3364 quippe
2359 3274 2760 3345 addictus69

358 3385 849 3451 mathematicae
893 3387 1249 3470 plenusque
1284 3387 1720 3471 persuasionis
1757 3393 1986 3452 cuncta
2020 3387 2155 3451 fato
2196 3389 2321 3473 agi,
2366 3387 2654 3452 tonitrua

358 3495 578 3557 tamen
624 3498 877 3576 praeter
922 3496 1185 3559 modum
1232 3494 1697 3578 expauescebat
1743 3498 1809 3558 et
1854 3493 2212 3558 turbatiore
2249 3494 2422 3558 caelo
2469 3516 2652 3559 num-

360 3619 554 3682 quam
616 3621 749 3664 non
813 3621 1115 3665 coronam
1170 3599 1453 3664 lauream
1512 3600 1720 3684 capite
1776 3601 2086 3685 gestauit,
2151 3601 2325 3684 quod
2385 3599 2652 3665 fulmine

274 3725 331 3766 ω
358 3705 575 3769 afflari·
610 3711 881 3790 negetur
927 3706 993 3770 id
1040 3726 1241 3792 genus
1286 3707 1548 3772 frondis.

500 3913 533 3960 5
554 3925 675 3976 sqq.
697 3907 974 3962 Einhard.
994 3912 1071 3962 22
1095 3924 1325 3977 corpore
1346 3908 1455 3962 fuit
1474 3908 1662 3977 amplo
1683 3912 1852 3977 atque
1873 3909 2122 3972 robusto,
2143 3911 2362 3961 statura
2381 3909 2652 3963 eminenti

359 3988 449 4054 (cf.
491 3987 605 4042 Gal.
636 3989 747 4057 50),
784 4005 931 4056 quae
959 3991 1153 4042 tamen
1181 3988 1391 4042 iustam
1418 4006 1530 4042 non
1560 3988 1854 4042 excederet
1884 4033 1894 4043 .
1919 4033 1930 4044 .
1955 4032 1965 4042 .
1997 3987 2173 4042 oculis
2202 3989 2651 4058 praegrandibus

359 4069 415 4136 (l.
446 4069 537 4137 13)
576 4083 643 4120 ac
679 4067 899 4138 uegetis
938 4070 1027 4138 (ef.
1060 4069 1281 4139 Iu1.45)
1426 4069 1649 4123 incessu
1687 4069 1843 4123 firmo
1884 4071 2069 4138 (1.16).

502 4261 533 4308 2
570 4255 793 4324 patriae
822 4255 914 4320 P’,
954 4255 1132 4324 patris
1166 4259 1227 4320 Τ,
1276 4255 1456 4325 patris
1494 4255 1714 4324 patriae
1754 4274 1786 4314 ς
1825 4257 2026 4323 (Torr.)
2191 4262 2221 4309 5
2261 4255 2371 4310 fuit
2400 4264 2527 4326 post
2563 4274 2648 4311 ro-

356 4335 526 4390 busto
558 4337 611 4391 G
720 4341 785 4390 11
816 4335 1141 4404 subtegeret
1168 4337 1286 4389 XN
1392 4343 1457 4389 15
1498 4352 1531 4389 a
1560 4353 1754 4389 somno
1787 4336 1910 4394 11¹5
1941 4337 2108 4402 (Roth
2140 4337 2234 4403 al.)
2349 4342 2411 4389 19
2454 4339 2646 4407 atque]

360 4419 417 4470 et
438 4417 550 4471 GT
686 4421 749 4470 21
792 4432 925 4485 sepe
953 4415 1259 4484 temptauit
1283 4417 1333 4469 G
1479 4418 1567 4486 ae]
1599 4420 1655 4469 et
1681 4420 1732 4469 X
1871 4422 1936 4468 23
1975 4433 2149 4486 prope
2179 4419 2277 4470 del.
2305 4417 2396 4480 P²‚
2425 4436 2524 4471 om.
2559 4420 2600 4472 δ
2609 4421 2657 4472 Τ

356 4501 426 4549 27
462 4494 825 4566 persuasione
858 4495 935 4562 G,
972 4495 1429 4565 persuasionibus
1462 4497 1597 4550 11²R
1727 4501 1792 4548 29
1831 4497 2097 4565 gestabat
2137 4499 2262 4551 HN
2395 4503 2461 4550 30
2499 4497 2650 4551 fron-

357 4575 471 4647 dis]
510 4575 726 4630 arboris
758 4575 807 4630 G
