3259 5209
583 434 762 488 XVIII
1527 433 1939 489 PRAEFATIO

585 605 682 661 usi
737 606 900 677 sunt,
955 608 1086 665 tum
1131 602 1386 663 Rothius
1441 602 1759 681 diligenter
1815 604 2092 678 contulit,
2154 622 2287 663 cum
2333 603 2405 663 de
2451 604 2891 663 uetustioribus

585 690 874 751 Parisinis
937 692 1094 751 hunc
1158 692 1516 751 Memmiano
1590 692 2054 751 dissimillimum
2128 697 2401 770 expertus
2476 697 2647 753 esset.
2758 696 2893 770 ipse

479 771 926 841 H'examinaui
973 799 1026 841 a.
1069 782 1240 839 1894
1288 786 1350 839 et
1399 782 1586 842 1900.
1682 785 1979 842 corrector
2022 782 2169 841 satis
2217 782 2499 857 antiquus
2548 774 2705 861 (11²)
2752 782 2887 858 plu-

585 870 741 929 rima
805 869 882 928 ad
947 870 1248 946 exemplar
1311 870 1501 929 codici
1545 871 1605 928 R
1662 863 1745 950 (u.
1782 864 1969 948 infra)
2035 870 2214 930 affine
2269 870 2582 930 emendare
2636 870 2897 945 studuit,

589 978 723 1018 cum
768 959 1090 1036 primarius
1138 960 1271 1018 fons
1316 958 1569 1017 maxime
1615 961 1987 1035 propinquus
2034 961 2217 1019 fuerit
2254 960 2431 1020 alteri
2466 959 2645 1019 huius
2684 960 2888 1019 classis

584 1048 766 1122 libro,
831 1048 985 1107 unde
1041 1049 1312 1107 manauit
1360 1048 1421 1123 Q.
1515 1047 1871 1107 concordare
1925 1048 2112 1124 igitur
2156 1050 2352 1108 solent
2397 1051 2465 1107 11
2472 1049 2519 1123 Q
2567 1042 2781 1130 (11¹0)
2831 1053 2898 1111 et.

591 1128 768 1196 H²R.
861 1136 1156 1195 notabilia
1201 1136 1264 1194 in
1313 1138 1381 1194 11
1419 1155 1537 1195 non
1583 1136 1790 1195 inueni
1802 1129 1853 1211 Γ)
1910 1141 2147 1214 praeter
2202 1138 2661 1216 orthographica
2708 1157 2891 1213 quae-

589 1226 726 1284 dam
775 1218 1126 1304 (disicermt,
1174 1227 1390 1297 ecquid,
1437 1228 1739 1299 spintrias,
1784 1219 2147 1306 fasciisque),
2196 1245 2349 1302 quae
2395 1227 2473 1285 ad
2518 1226 2890 1303 probandam

583 1314 915 1374 bonitatem
970 1314 1124 1373 nihil
1181 1315 1381 1373 ualere
1435 1315 1817 1374 manifestum
1873 1319 1979 1374 est.
2074 1315 2226 1374 alter
2272 1322 2364 1375 est
2418 1316 2543 1376 cod.
2582 1315 2890 1375 Parisinus

508 1404 562 1479 Q
593 1406 763 1463 5802
815 1396 923 1483 (Q)
970 1404 1196 1463 formae
1242 1406 1562 1474 maximae,
1627 1402 1784 1462 binis
1842 1404 2131 1464 columnis
2186 1406 2333 1464 satis
2379 1404 2566 1463 nitide
2613 1408 2898 1463 exaratus

589 1493 827 1552 saeculo
873 1486 1074 1572 XH2).
1167 1496 1407 1569 praeter
1467 1494 1627 1551 uitas
1688 1490 2006 1551 Caesarum
2062 1487 2471 1573 (f01.1—68)
2518 1494 2891 1568 Ausoniique

585 1600 810 1642 uersus·
843 1582 1108 1641 continet
1149 1581 1310 1641 Flori
1357 1582 1674 1657 epitomen,
1710 1581 1985 1641 Frontini
2032 1585 2476 1659 strategemata,
2513 1583 2895 1659 Eutropium,

589 1670 890 1730 Ciceronis
937 1669 1088 1729 Phil.
1119 1670 1326 1729 I—IV
1373 1676 1434 1729 et
1479 1670 1862 1729 Tusculanas,
1878 1662 1903 1701 ‘⁹’
1906 1682 1930 1747 )
2022 1671 2437 1731 adnotationes
2474 1690 2637 1747 ,quae
2683 1674 2898 1731 insunt

585 1760 890 1819 Francisci
936 1758 1250 1819 Petrarcae
1261 1752 1315 1839 ⁴)
1379 1759 1455 1818 ad
1502 1758 1857 1817 Suetonium
1914 1780 2029 1819 non
2088 1762 2362 1835 spectant
2414 1764 2654 1835 praeter
2708 1778 2884 1818 unam

588 1849 664 1908 ad
713 1842 965 1907 ‘Versus
1009 1843 1292 1907 Suetonii’
1340 1847 1722 1924 adscriptam,
1770 1850 1875 1924 qui
1918 1852 2057 1924 post
2103 1848 2595 1925 subscriptionem
2642 1849 2743 1908 fol.
2778 1842 2897 1907 68'

587 1939 894 2015 leguntur:
952 1932 1038 1996 ‘in
1094 1936 1450 2013 quibusdam
1506 1936 1679 1996 libris
1735 1939 1826 1995 est
1870 1930 2193 2017 Sidonffl),
2258 1937 2359 1998 sed
2423 1938 2740 2013 utrobique
2800 1941 2895 1996 est

482 2019 558 2101 ρ’
585 2045 774 2102 error3
822 2045 960 2085 uere
998 2027 1157 2084 enim
1197 2029 1336 2084 sunt
1370 2020 1666 2084 Ausonii’.
1727 2024 2096 2085 Suetoniana
2133 2029 2239 2102 qui
2275 2028 2530 2086 correxit
2567 2019 2704 2107 (ρ’)
2740 2046 2891 2102 pau-

587 2116 869 2192 culasque
906 2107 1200 2197 glossas0)
1239 2114 1465 2174 adleuit
1500 2114 1737 2173 soeculo
1776 2115 1887 2173 XV
1921 2117 2123 2190 potius
2162 2135 2343 2193 quam
2374 2115 2514 2174 XIV
2553 2115 2891 2175 tribuerim.

586 2203 830 2263 Petrum
859 2204 1173 2263 Pithoeum
1209 2203 1365 2264 libro
1403 2222 1576 2262 usum
1618 2220 1743 2262 esse
1781 2202 2289 2263 Preud'hommius
2328 2202 2463 2263 inde
2501 2204 2803 2264 concludit
2816 2196 2892 2283 ⁷),

588 2293 745 2369 quod
793 2294 895 2351 ille
945 2288 1037 2351 ‘ex
1084 2294 1312 2369 optimo
1357 2288 1533 2351 libro'
1581 2292 1791 2351 laudet
1827 2294 2147 2365 productae
2195 2285 2523 2373 (321,12),
2571 2295 2634 2352 at
2680 2291 2893 2352 eadem

585 2383 766 2442 lectio
832 2386 996 2441 extat
1068 2384 1131 2440 in
1189 2382 1342 2456 HR,
1408 2383 1477 2440 ut
1550 2381 1624 2439 ad
1690 2380 1937 2440 classem
2000 2384 2055 2439 Y
2121 2382 2427 2441 referenda
2494 2384 2587 2443 sit.
2698 2401 2897 2457 neque

587 2474 786 2530 minus
841 2476 1012 2530 caute
1068 2490 1220 2547 quae
1278 2470 1351 2529 ab
1398 2470 1604 2529 eodem
1652 2461 1736 2549 (p.
1781 2464 2071 2551 52—57)
2118 2471 2500 2547 proferuntur
2546 2469 2893 2546 accipienda

589 2578 712 2619 esse
768 2579 958 2634 nuper
1012 2551 1298 2641 monui.⁸)
1391 2561 1522 2636 ipse
1576 2558 1794 2617 librum
1852 2562 2080 2619 excussi
2138 2578 2187 2619 a.
2225 2562 2393 2619 1894
2444 2564 2503 2619 et
2554 2562 2751 2635 1900,
2798 2580 2887 2618 re-

768 2733 819 2797 1)
859 2735 1016 2796 96,24
1067 2748 1302 2797 quarum
1353 2730 1525 2783 etiam
1561 2729 1622 2783 in
1662 2734 1723 2784 H
1762 2730 1996 2799 legitur,
2049 2730 2201 2797 quod
2250 2746 2447 2783 moneo
2500 2732 2733 2798 propter
2768 2730 2890 2782 edi-

585 2802 798 2855 tionem
838 2800 1129 2854 Batauam.

768 2876 819 2934 2)
859 2871 1112 2927 Exeunte
1149 2872 1338 2941 potius
1375 2870 1478 2924 XII
1515 2890 1686 2939 quam
1714 2871 1841 2925 XIII
1876 2872 2123 2925 ineunte.
2190 2888 2331 2925 saec.
2361 2870 2487 2925 XIII
2524 2871 2795 2925 tribuitur
2830 2872 2889 2923 in

587 2943 845 3013 catalogo
884 2943 1045 2997 codd.
1085 2960 1184 2996 ms.
1234 2942 1331 2996 lat.
1371 2942 1506 2995 bibl.
1555 2944 1747 3013 regiae
1784 2943 1859 2995 IV
1896 2962 1950 3013 p.
1995 2948 2123 3009 158,
2167 2960 2332 3011 quem
2372 2944 2626 3010 sequitur
2662 2942 2893 2995 Preud'-

585 3016 809 3069 homme
839 3014 1166 3081 (Troisieme
1195 3014 1363 3067 etude
1391 3032 1444 3083 p.
1479 3016 1582 3081 ⁷2).
1648 3018 1714 3067 ut
1743 3031 1912 3083 supra
1941 3015 2112 3068 etiam
2142 3013 2394 3082 Droysen
2425 3014 2609 3067 Ruehl
2638 3013 2889 3067 Gunder-

583 3103 756 3139 mann
795 3085 1082 3139 Rossbach
1119 3086 1178 3137 in
1209 3085 1334 3138 edd.
1374 3085 1632 3153 Eutropii
1669 3085 1925 3139 Frontini
1962 3085 2129 3140 Flori.
2195 3086 2253 3138 in
2292 3085 2491 3138 ultimo
2531 3085 2667 3138 folio
2707 3084 2896 3153 (189'),

585 3157 684 3212 ubi
724 3156 821 3211 (Μ.
856 3155 1030 3209 Tullii
1078 3156 1360 3210 Ciceronis
1411 3156 1853 3211 'hasculanarum
1905 3156 2033 3210 finit
2082 3155 2225 3210 liber
2275 3157 2548 3225 quintus’,
2602 3156 2891 3224 adscripta

587 3232 720 3283 eunt
766 3228 930 3281 haec:
983 3229 1138 3282 ‘Lan
1175 3230 1273 3282 mil
1313 3228 1459 3283 000.
1501 3228 1669 3282 VIII.
1709 3230 1756 3282 le
1786 3231 2023 3297 premier
2057 3228 2195 3295 jom-
2236 3228 2300 3282 de
2346 3228 2577 3282 Jenuier
2620 3234 2895 3283 eutr-erent

509 3319 520 3331 ·
577 3317 754 3369 poure
789 3306 914 3369 {lent
951 3318 1016 3353 en
1054 3301 1168 3354 mal
1205 3300 1322 3353 cm'.

767 3376 818 3437 3)
860 3370 1071 3425 Similis
1125 3371 1442 3441 argumenti
1494 3369 1757 3424 uolumen
1816 3387 1958 3424 saec.
1988 3370 2089 3423 XII
2126 3370 2184 3422 in
2230 3368 2578 3423 bibliotheca
2622 3369 2891 3425 Beccensi.

585 3442 696 3496 fuit
733 3442 824 3507 (cf.
856 3458 1026 3510 supra
1062 3459 1116 3509 p.
1145 3441 1257 3510 IX).

768 3516 820 3579 4)
859 3513 917 3566 Ρ.
950 3514 1020 3566 de
1057 3512 1292 3579 Nolhac,
1329 3512 1632 3580 Petrarque
1672 3516 1729 3565 et
1766 3512 2155 3565 l'humanisme
2194 3530 2248 3580 p.
2282 3516 2383 3564 203
2401 3530 2483 3580 sq.

766 3590 818 3644 ὅ)
857 3584 944 3637 Ita
980 3584 1040 3637 in
1077 3588 1151 3649 Π,
1189 3584 1248 3637 in
1285 3582 1649 3638 Dunelmensi
1688 3583 1926 3651 aliisque
1964 3582 2382 3636 recentioribus.

767 3658 819 3723 6)
859 3656 946 3708 Ad
986 3660 1106 3719 952
1145 3672 1288 3710 uxor
1323 3658 1631 3721 rarissima,
1671 3654 1741 3707 ad
1785 3660 1973 3722 119‚22
2014 3658 2174 3716 (esse)
2214 3656 2250 3708 i.
2292 3655 2573 3719 comedere,
2614 3655 2683 3707 ad
2729 3658 2891 3720 156‚2

587 3728 651 3783 de
681 3729 822 3781 uilla
852 3729 1008 3781 Iouis
1037 3730 1183 3795 (cum
1222 3727 1341 3795 ipse
1372 3725 1632 3781 librarius
1666 3725 1951 3794 scripserit
1980 3728 2159 3783 ionis).
2203 3756 2263 3764 —
2308 3726 2379 3777 ad
2409 3724 2510 3778 Iul.
2542 3730 2609 3779 36
2640 3744 2694 3793 p.
2729 3730 2881 3791 19,ιῖ

587 3798 819 3869 legitur:
872 3799 971 3851 ‘ad
1006 3798 1136 3851 haec
1173 3799 1301 3851 uide
1347 3798 1394 3851 Ι.
1426 3798 1661 3852 Florum
1713 3800 1775 3851 de
1814 3798 1947 3851 bello
1976 3800 2186 3865 punico
2236 3798 2471 3851 secundo
2517 3798 2581 3850 de
2620 3796 2881 3851 Am'bale’

586 3870 752 3939 (Flor.
781 3869 807 3922 Ι
845 3874 1049 3936 22,19),
1089 3872 1145 3922 et
1182 3869 1383 3922 iterum
1425 3869 1496 3921 ad
1534 3869 1759 3923 Florum
1798 3867 1895 3922 fol.
1926 3867 2036 3921 75':
2088 3868 2239 3923 ‘uide
2276 3868 2340 3921 de
2378 3870 2636 3935 Pompeio
2670 3870 2884 3935 stupra)

584 3944 648 3996 in
695 3942 954 3996 Suetonio
1009 3941 1073 3994 de
1119 3942 1268 3995 Iulio
1322 3940 1515 3994 Cesare
1570 3947 1728 3994 carta
1782 3940 2024 4008 quarta'3
2081 3938 2222 3992 talia
2278 3937 2441 4007 plura
2480 3939 2568 4007 (of.
2612 3939 2707 3993 fol.
2754 3938 2889 4005 5‚9',

590 4012 763 4080 12‘,30
794 4012 905 4077 aL),
942 4011 1178 4065 fortasse
1219 4012 1289 4065 ab
1330 4011 1443 4066 alio
1479 4012 1601 4065 uiro
1644 4011 1807 4064 docto
1847 4010 2114 4079 profecta.

768 4086 818 4137 Τ)
858 4082 1165 4138 Troisieme
1203 4083 1369 4136 etude
1411 4101 1463 4150 p.
1497 4087 1578 4137 72.

768 4158 819 4208 8')
859 4154 1062 4208 Berlin.
1102 4154 1298 4222 philol.
1337 4153 1734 4207 Wochenschr.
1774 4158 1909 4206 1905
1948 4170 2003 4221 p.
2045 4158 2127 4205 12.
2169 4184 2235 4193 --
2284 4152 2667 4205 emendatiora
2715 4168 2884 4218 quae-

588 4226 719 4279 dam
758 4242 824 4279 ex
863 4226 1275 4294 antiquioribus
1315 4224 1464 4278 solus
1494 4224 1686 4289 habet,
1725 4242 1867 4291 quae
1905 4226 2095 4276 tamen
2132 4224 2193 4277 in
2221 4222 2623 4277 recentioribus
2663 4238 2881 4290 quoque

587 4297 876 4367 leguntur3
913 4316 967 4350 u.
1007 4298 1079 4350 ad
1112 4302 1266 4359 13,18
1305 4302 1461 4363 43,23
1494 4301 1684 4363 104,22
1718 4301 1891 4360 24s‚2.
1949 4294 2018 4347 cf.
2049 4300 2207 4360 42,13
2238 4294 2384 4362 (coll.
2414 4298 2591 4360 42³5)
2622 4297 2679 4348 et
2710 4298 2894 4361 1585,

585 4368 685 4422 ubi
723 4369 985 4423 rhianum
1030 4385 1097 4422 ex
1141 4370 1186 4438 Q
1223 4368 1417 4422 notaui
1465 4368 1566 4436 (sic
1617 4383 1718 4434 pro
1769 4367 1931 4419 uaria
1982 4365 2221 4419 lectione
2270 4367 2445 4419 adscr.
2479 4366 2606 4433 11¹),
2660 4382 2783 4418 cum
2823 4365 2883 4416 in

587 4440 893 4508 archetypo
930 4440 1101 4493 fuerit
1136 4441 1396 4493 brianum
1445 4457 1498 4491 u.
1529 4457 1583 4507 p.
1614 4438 1771 4504 LIX).
1838 4455 1867 4490 e
1905 4438 2121 4491 mendis
2160 4437 2291 4490 huic
2320 4437 2464 4490 libro
2502 4436 2883 4505 peculiaribus

588 4511 873 4565 adnotabo
911 4510 1386 4581 palaeographica
1477 4527 1599 4563 aec:
1652 4515 1802 4576 37‚11
1846 4512 2097 4579 faymata
2136 4521 2255 4577 (pro
2292 4511 2525 4578 etima-⁸),
2572 4512 2728 4573 50,ἳῖ
2768 4510 2895 4561 ein—-

587 4586 736 4637 tortio
773 4587 894 4651 (pro
935 4588 1095 4650 απτ-ι,
1134 4588 1252 4647 52,9.
1283 4584 1466 4650 plana
1504 4596 1623 4649 (pro
1655 4582 1885 4649 planci).
