3259 5209
1169 478 1504 532 TIBERIVS
1545 490 1677 540 [cu.
1709 491 1830 540 2—5]
2521 480 2643 544 121

342 643 709 707 comminus
764 637 1087 707 trucidato
1144 642 1267 707 sibi
1323 643 1726 727 posterisque
1783 643 1916 706 suis
1973 663 2332 728 cognomen
2383 643 2648 707 inuenit.

342 749 627 813 traditur
682 751 877 814 etiam
934 770 1053 833 pro
1110 753 1405 833 praetore
1459 771 1537 813 ex
1594 749 1930 833 prouincia
1977 746 2185 813 Gallia
2237 750 2648 833 ret<t>ulisse

342 879 573 920 aurum
632 854 993 920 Senonibus
1050 855 1203 920 olim
1254 856 1319 918 in
1367 854 1702 920 obsidione
1760 855 2063 940 Capitolii
2111 856 2332 920 datum
2377 877 2520 940 nec,
2577 862 2648 922 ut

341 963 523 1027 fama
566 967 683 1046 est,
728 967 1051 1026 extortum
1100 984 1137 1025 a
1186 960 1475 1027 Camillo.
1558 964 1698 1027 eius
1745 963 2026 1046 abnepos
2073 962 2156 1026 ob
2205 964 2503 1028 eximiam
2545 964 2650 1028 ad-

286 1095 312 1135 s
343 1091 571 1134 uersus
620 1068 939 1134 Gracchos
996 1090 1254 1153 operam
1311 1073 1620 1153 patronus
1677 1073 1936 1134 senatus
1984 1068 2191 1133 dictus
2248 1069 2452 1135 filium
2509 1071 2651 1134 reli-

340 1177 518 1260 quit,
584 1197 775 1260 quem
832 1177 899 1240 in
958 1175 1155 1240 simili
1212 1175 1607 1240 dissensione
1666 1175 1872 1240 multa
1917 1176 2092 1240 uarie
2139 1175 2512 1242 molientem
2561 1178 2651 1242 di-

344 1303 537 1346 uersa
582 1281 779 1346 factio
828 1303 943 1368 per
988 1281 1279 1346 fraudem
1328 1281 1669 1346 interemit.

528 1389 719 1453 Pater
748 1388 981 1472 Tiberi,
1010 1388 1207 1472 Nero,
1244 1393 1547 1474 quaestor
1586 1388 1654 1452 C.
1686 1388 1974 1452 Caessari
2003 1388 2442 1455 Alexandrino
2480 1390 2651 1454 bello
2683 1387 2728 1453 4

346 1496 540 1562 classi
578 1496 1005 1581 praepositus,
1051 1496 1402 1580 plurimum
1452 1496 1531 1560 ad
1580 1497 1919 1561 uictoriam
1967 1495 2258 1560 contulit.
2342 1519 2538 1580 quare
2586 1501 2652 1561 et

258 1629 316 1670 ιο
344 1603 642 1686 pontifex
698 1604 765 1667 in
818 1603 1031 1668 locum
1080 1601 1147 1666 P.
1188 1601 1509 1688 Scipionis
1566 1602 1958 1666 substitutus
2015 1609 2081 1668 et
2123 1603 2206 1668 ad
2253 1603 2650 1668 deducendas

346 1711 419 1774 in
468 1707 741 1773 Galliam
802 1708 1114 1792 colonias,
1174 1709 1243 1772 in
1290 1709 1433 1792 quis
1478 1707 1700 1773 Narbo
1757 1714 1822 1773 et
1867 1708 2126 1774 Arelate
2171 1714 2369 1794 erant,
2415 1710 2652 1774 missus

348 1819 471 1880 est.
554 1821 767 1880 tamen
818 1815 1085 1880 Caesare
1143 1815 1355 1880 occiso
1366 1867 1385 1900 ‚
1439 1817 1688 1880 cunctis
1744 1814 2078 1880 turbarum
2125 1819 2302 1880 metu
2357 1815 2652 1882 abolitio-

348 1944 499 1986 nem
562 1922 719 1986 facti
783 1921 1298 2005 decernentibuS,
1364 1923 1555 1986 etiam
1610 1922 1690 1987 de
1745 1922 2047 2007 praemiis
2103 1923 2650 2006 tyrannicidarum

348 2029 756 2093 referendum
806 2029 1071 2093 censuit.
1154 2033 1455 2113 praetura
1503 2028 1730 2092 deinde
1775 2028 2054 2112 functus,
2102 2051 2246 2094 cum
2286 2031 2464 2094 exitu
2499 2033 2652 2094 anni
2691 2045 2721 2092 2

264 2161 319 2202 ιε
352 2135 673 2200 discordia
739 2136 907 2200 inter
968 2136 1341 2200 triumuiros
1399 2141 1541 2200 orta
1595 2141 1786 2219 esset,
1852 2136 2118 2200 retentis
2175 2139 2346 2201 ultra
2411 2139 2653 2202 iustum

351 2248 609 2326 tempus
666 2242 1027 2327 insignibus
1083 2243 1153 2306 L.
1191 2241 1551 2306 Antonium
1616 2243 1943 2307 consulem
2008 2244 2332 2307 triumuiri
2387 2245 2652 2308 fratrem

352 2350 437 2414 ad
482 2349 813 2414 Perusiam
862 2353 1140 2432 secutuS‚
1186 2348 1509 2414 deditione
1556 2373 1593 2413 a
1632 2351 1860 2414 ceteris
1907 2349 2093 2434 facta,
2141 2350 2317 2414 solus
2363 2373 2653 2435 perman-

354 2458 443 2520 sit
488 2457 557 2521 in
602 2456 893 2541 partibus
942 2477 1015 2520 ac
1060 2458 1270 2540 primo
1308 2457 1669 2537 Praeneste,
1717 2456 1864 2520 inde
1901 2455 2245 2540 Neapolim
2285 2458 2492 2523 euasit
2530 2479 2655 2522 ser-

352 2564 584 2646 uisque
640 2563 719 2628 ad
775 2563 1041 2647 pilleum
1096 2565 1335 2627 frustra
1390 2564 1640 2628 uocatis
1696 2563 1764 2626 in
1813 2562 2097 2628 Siciliam
2157 2565 2459 2651 profugit.
2543 2563 2656 2628 sed
2693 2573 2726 2626 8

266 2696 323 2736 so
355 2671 618 2757 indigne
680 2671 891 2735 ferens
950 2692 1069 2735 nec
1128 2670 1349 2734 statim
1414 2693 1481 2734 se
1546 2671 1617 2734 in
1680 2676 2094 2755 conspectum
2151 2669 2330 2735 Sexti
2385 2671 2655 2754 Pompei

356 2777 707 2841 admissum
765 2783 829 2841 et
882 2778 1153 2841 fascium
1210 2799 1331 2841 usu
1387 2777 1820 2861 prohibitum,
1877 2777 1954 2841 ad
2009 2777 2094 2841 M.
2125 2775 2482 2842 Antonium
2532 2783 2656 2841 tra-

358 2885 507 2948 iecit
567 2885 634 2947 in
688 2883 1019 2949 Achaiam.
1112 2905 1255 2947 cum
1315 2906 1442 2967 quo
1504 2884 1684 2948 breui
1747 2883 2159 2949 reconciliata
2217 2886 2388 2948 inter
2447 2885 2656 2948 omnis

356 3013 512 3076 pace
552 2991 823 3055 Romam
870 2991 1039 3055 redit
1083 3012 1479 3074 uxoremque
1517 2991 1768 3055 Liuiam
1809 2990 2158 3056 Drusillam
2206 2996 2271 3055 et
2315 2995 2470 3056 tunc
2517 3011 2656 3076 gra-

357 3098 575 3162 uidam
633 3103 697 3161 et
752 3107 900 3162 ante
955 3099 1082 3161 iam
1138 3098 1312 3181 apud
1366 3119 1432 3161 se
1490 3098 1694 3161 filium
1754 3097 2004 3163 enixam
2063 3098 2308 3181 petenti
2354 3096 2655 3183 Augusto

270 3229 329 3270 π
360 3205 691 3270 concessit.
792 3225 911 3269 nec
974 3205 1180 3268 multo
1244 3209 1396 3288 post
1460 3203 1627 3269 diem
1705 3205 1894 3288 obiit,
1969 3210 2242 3288 utroque
2304 3204 2656 3268 liberorum

360 3313 723 3396 superstite,
770 3311 1027 3376 Tiberio
1076 3311 1417 3395 Drusoque
1464 3309 1849 3376 Neronibus,

539 3417 868 3483 Tiberium
939 3418 1200 3501 quidam
1272 3417 1513 3482 Fundis
1576 3423 1800 3483 natum
1865 3419 2393 3484 existimauerunt
2455 3420 2659 3482 secuti
2690 3409 2732 3475 5

358 3527 570 3590 leuem
609 3525 1063 3604 coniecturam,
1111 3526 1285 3609 quod
1322 3530 1611 3589 materna
1649 3525 1784 3589 eius
1823 3525 1970 3589 auia
2006 3525 2315 3589 Fundana
2359 3526 2559 3590 fuerit
2594 3530 2660 3588 et

361 3632 542 3717 quod
588 3655 739 3698 mox
790 3633 1204 3698 simulacrum
1252 3631 1607 3696 Felicitatis
1665 3654 1742 3695 ex
1781 3655 1827 3695 s,
1868 3653 1918 3696 c.
1966 3631 2368 3716 publicatum
2413 3631 2503 3696 ibi
2554 3632 2656 3695 sit.

508 3857 575 3906 23
606 3854 759 3923 Epic.
783 3859 837 3918 1,
854 3857 929 3907 23
964 3853 1187 3906 Liuiam
1216 3851 1379 3919 quasi
1408 3852 1612 3906 marito
1644 3852 1984 3906 concedente
2019 3852 2128 3906 sibi
2158 3851 2460 3905 coniunxit.
2503 3851 2659 3904 cuius

358 3933 557 3988 Liuiae
594 3935 707 3987 iam
745 3935 909 3988 erant
944 3933 1045 3986 filii
1085 3933 1343 3986 Tiberius
1380 3934 1439 3985 et
1474 3931 1686 3985 Drusus
1727 3934 1814 4000 (cf.
1849 3935 1990 4004 Any.
2024 3937 2132 4000 62).

508 4136 539 4182 2
577 4129 903 4184 retulissent
933 4131 986 4184 V
1122 4135 1153 4183 3
1194 4129 1326 4183 olim
1366 4145 1464 4183 om.
1496 4129 1545 4182 G
1691 4129 1810 4183 Nec
1849 4137 1896 4183 et
1931 4146 1998 4182 ss.
2039 4127 2146 4181 Hic
2179 4129 2265 4199 Gy
2409 4132 2440 4178 4
2480 4128 2661 4179 extor-

362 4213 483 4264 tum
522 4227 623 4265 om.
658 4210 709 4264 G
845 4216 877 4262 6
915 4209 1243 4264 inolientem
1277 4211 1401 4264 MG
1538 4210 1782 4262 dinei-sio
1817 4210 1866 4262 G
2003 4214 2033 4260 8
2074 4209 2241 4262 Pater
2276 4223 2410 4260 uero
2448 4205 2662 4259 Tiberii

364 4294 484 4358 (om.
534 4289 703 4358 Nero)
752 4307 785 4349 ς
833 4291 950 4344 edd.
994 4292 1149 4345 Rom,
1194 4291 1319 4343 Ven.
1372 4291 1411 4342 I
1450 4290 1671 4358 (may),
1719 4289 1886 4342 Pater
1930 4288 2187 4342 Tiberius
2233 4287 2381 4340 Nero
2429 4288 2662 4355 Bentley

364 4376 433 4424 10
472 4373 719 4424 statutus
750 4371 801 4425 G
963 4376 1026 4423 11
1066 4370 1219 4439 quib3
1253 4369 1303 4423 G
1456 4369 1708 4422 narbona
1741 4369 1935 4434 APLQ
1971 4367 2210 4422 narrabo
2251 4369 2302 4421 V
2460 4370 2524 4418 12
2565 4366 2660 4418 ob-

364 4451 634 4504 liuionem
671 4451 929 4519 LipsiuS‚
974 4449 1384 4504 absolutionem
1426 4451 1599 4503 Polak
1769 4455 1832 4501 14
1873 4449 2170 4502 defunctus
2202 4448 2312 4502 GR
2468 4451 2532 4498 15
2571 4462 2660 4499 ex-

366 4533 491 4584 orta
528 4549 561 4591 ς
601 4531 793 4602 (uuly.)
934 4537 998 4584 18
1039 4530 1326 4597 seruisque
1364 4545 1531 4598 usque
1566 4530 1788 4582 uocatis
1828 4546 1926 4582 om.
1962 4531 2013 4582 V
2142 4533 2208 4580 22
2247 4526 2504 4582 breuiore
2533 4543 2662 4579 con-

365 4611 562 4665 ciliata
594 4613 667 4666 M
806 4617 872 4664 27
913 4611 1141 4678 quidem
1168 4613 1261 4674 M,
1298 4626 1521 4678 quoque
1554 4610 1605 4663 G
1751 4609 1916 4662 sicuti
1951 4609 1998 4662 G
