3259 5209
992 449 1209 504 DIVVS
1249 449 1604 505 CLAVDIVS
1646 460 1774 508 [cu.
1804 459 1981 508 41—45]
2504 445 2635 510 229

341 619 592 676 statura
637 615 1062 697 permitteret,
1120 619 1340 699 togam
1388 612 1538 676 dare
1585 611 1984 694 destinasset,
2031 609 2291 674 adiecit:
2348 615 2430 674 ut
2475 615 2637 674 tan-

342 721 504 784 dem
565 719 894 804 populus
943 719 1016 784 R..
1067 741 1326 784 uerum
1385 718 1777 783 Caesarem
1836 715 2135 781 habeat.
2216 738 2347 782 non
2406 712 2744 782 multo-44

344 849 470 910 que
534 830 684 910 post
745 831 1196 892 testamentum
1253 827 1448 891 etiam
1504 824 1889 907 conscripsit
1951 845 2024 887 ac
2084 823 2288 908 signis
2349 825 2637 887 omnium

341 935 840 1018 magistratuum
880 934 1264 1018 obsignauit.
1339 933 1520 1016 prius
1559 931 1763 1018 igitur
1799 953 1991 1016 quam
2029 930 2203 994 ultra
2228 930 2638 1014 progredere-

285 1063 312 1102 5
344 1045 470 1122 tur,
527 1045 912 1124 praeuentus
968 1044 1068 1104 est
1131 1041 1210 1103 ab
1267 1039 1655 1125 Agrippina,
1722 1060 1913 1122 quam
1970 1041 2223 1120 praeter
2277 1036 2435 1101 haec
2491 1059 2639 1102 con-

345 1147 616 1212 scientia
679 1169 936 1231 quoque
1007 1167 1124 1211 nec
1196 1147 1410 1211 minus
1477 1145 1794 1210 delatores
1868 1143 2219 1208 multorum
2294 1144 2637 1207 criminum

345 1253 718 1339 arguebant.
1388 1242 1396 1250 ’

524 1360 612 1426 Et
657 1383 906 1425 ueneno
955 1361 1214 1445 quidem
1262 1360 1543 1425 occisum
1600 1360 1935 1442 conuenit3
1992 1357 2103 1421 ubi
2154 1361 2369 1422 autem
2417 1363 2480 1420 et
2526 1379 2641 1440 per
2677 1371 2713 1420 2

347 1490 538 1551 quem
587 1467 754 1550 dato,
801 1467 1135 1552 discrepat.
1220 1468 1481 1552 quidam
1529 1467 1793 1530 tradunt
1848 1465 2133 1549 epulanti
2191 1465 2259 1528 in
2305 1484 2447 1526 arce
2494 1484 2639 1526 cum

259 1597 318 1635 ιο
345 1575 782 1640 sacerdotibus
853 1598 971 1660 per
1041 1573 1351 1640 Halotum
1435 1574 1781 1658 spadonem
1868 1574 2449 1658 praegustatorem3
2530 1569 2642 1634 alii

345 1681 700 1746 domestico
747 1683 1050 1746 conuiuio
1095 1704 1212 1766 per
1249 1683 1454 1764 ipsam
1493 1679 1940 1766 Agrippinam,
1988 1701 2150 1762 quae
2187 1677 2476 1742 boletum
2515 1698 2643 1740 me·

345 1787 630 1852 dicatum
677 1788 1050 1852 auidissimo
1097 1787 1387 1853 ciborum
1429 1787 1659 1850 talium
1707 1786 2047 1869 optulerat.
2130 1785 2323 1848 etiam
2372 1783 2449 1848 de
2498 1784 2641 1847 sub-

347 1896 763 1979 sequentibus
824 1896 1078 1960 diuersa
1141 1896 1314 1960 fama
1373 1898 1485 1958 est.
1569 1893 1759 1959 multi
1820 1894 2041 1958 statim
2100 1891 2333 1956 hausto
2394 1911 2641 1954 ueneno
2681 1908 2713 1954 3

347 2002 749 2066 obmutuisse
805 2003 986 2066 aiunt
1042 2002 1603 2084 excruciatumque
1660 1998 1993 2063 doloribus
2048 2001 2235 2060 nocte
2292 2001 2431 2060 tota
2476 1995 2641 2059 defe-

265 2127 319 2167 15
347 2111 512 2172 cisse
566 2129 769 2192 prope
823 2107 1049 2174 lucem.
1123 2107 1420 2171 nonnulli
1476 2109 1645 2171 inter
1701 2106 1885 2169 initia
1932 2104 2368 2187 consopitum,
2415 2101 2642 2166 deinde

347 2216 492 2280 cibo
549 2215 852 2279 affluente
909 2215 1268 2279 euomuisse
1325 2215 1565 2297 omnia,
1620 2214 2093 2298 repetitumque
2152 2210 2367 2274 toxico
2380 2262 2397 2294 ‚
2444 2211 2643 2274 incer-

347 2329 489 2386 tum
535 2322 784 2406 pultine
832 2321 1050 2386 addito
1060 2372 1076 2404 ‚
1123 2343 1269 2386 cum
1319 2320 1496 2386 uelut
1544 2321 1927 2384 exhaustum
1976 2319 2153 2383 refici
2200 2317 2343 2383 cibo
2392 2321 2643 2400 oporte-

347 2435 470 2510 ret,
531 2451 616 2492 an
673 2429 964 2493 immisso
1011 2451 1127 2512 per
1182 2428 1482 2512 clystera[
1487 2427 1582 2511 m]
1593 2478 1610 2510 ,
1666 2431 1740 2491 ut
1794 2427 1977 2510 quasi
2034 2425 2426 2490 abundantia
2469 2424 2644 2488 labo-

347 2538 517 2600 ranti
579 2537 770 2600 etiam
830 2535 953 2599 hoc
1015 2557 1245 2622 genere
1307 2536 1656 2620 egestionis
1718 2533 2183 2597 subueniretur.
2268 2553 2440 2595 mors
2501 2529 2743 2596 eius-15

267 2663 320 2701 20
350 2643 555 2716 celata
583 2649 706 2727 est,
755 2643 954 2708 donec
992 2643 1159 2707 circa
1188 2663 1617 2706 successorem
1648 2642 1864 2704 omnia
1902 2640 2363 2705 ordinarentur.
2430 2639 2645 2721 itaque

349 2757 414 2813 et
459 2751 644 2833 quasi
701 2771 818 2833 pro
875 2771 1067 2835 aegro
1116 2748 1323 2812 adhuc
1377 2755 1533 2812 uota
1579 2752 1873 2830 suscepta
1930 2749 2081 2810 sunt
2128 2750 2193 2808 et
2239 2745 2483 2808 inducti
2531 2767 2647 2828 per

351 2857 824 2922 simulationem
887 2856 1203 2939 comoedi,
1281 2855 1392 2940 qui
1456 2855 1638 2918 uelut
1702 2854 2165 2917 desiderantem
2234 2851 2644 2915 oblectarent.

351 2965 625 3029 excessit
679 2961 792 3027 111.
840 2961 930 3026 Id.
981 2961 1201 3027 Octob.
1252 2963 1480 3026 Asinio
1536 2961 1842 3025 Marcello
1901 2960 2111 3024 Acilio
2170 2959 2404 3023 Auiola
2459 2981 2616 3023 coss.
2639 2976 2797 3022 2⁶41*-
2812 2974 2857 3013 c-

351 3069 754 3155 sexagesimo
804 3073 1033 3153 quarto
1081 3068 1327 3151 aetatis,
1374 3069 1629 3151 imperii
1680 3073 1908 3152 quarto
1949 3067 2195 3130 decimo
2236 3088 2421 3149 ann0,
2468 3065 2645 3128 fune-

271 3196 322 3234 25
349 3183 657 3260 ratusque
694 3182 791 3240 est
829 3175 1126 3241 sollemni
1153 3175 1520 3259 principum
1549 3197 1789 3259 pompa
1826 3180 1889 3238 et
1918 3176 1987 3237 in
2013 3196 2349 3238 numerum
2383 3173 2647 3236 deorum

496 3376 528 3422 8
567 3377 618 3423 et
648 3377 709 3423 11
755 3371 936 3424 Victor
967 3371 1115 3424 Caes.
1145 3374 1197 3432 4,
1223 3374 1288 3422 13
1326 3372 1509 3436 (uxor)
1556 3385 1773 3422 ueneno
1824 3368 2117 3437 coniugem
2166 3367 2453 3421 interemit
2499 3368 2648 3434 (imle

354 3451 510 3520 Epit.
541 3455 602 3516 4,
631 3453 739 3519 10).
798 3450 946 3504 Oros.
991 3451 1111 3502 VII
1137 3457 1198 3514 6,
1231 3455 1297 3503 18
1362 3448 1679 3502 manifestis
1736 3448 1939 3502 ueneni
2005 3448 2180 3516 signis
2236 3449 2323 3500 est
2376 3449 2645 3500 mortuus.

357 3533 564 3586 Ancon.
594 3535 778 3596 259,5
827 3529 1094 3583 Claudius
1141 3530 1406 3598 ambiguo
1455 3528 1731 3583 conclusit
1774 3528 1895 3581 fata
1932 3545 2165 3581 ueneno.
2354 3532 2417 3580 19
2468 3527 2650 3581 Victor

357 3612 504 3664 Caes.
529 3615 580 3676 4,
602 3615 670 3664 15
707 3609 875 3663 funus
907 3654 916 3662 .
943 3653 953 3663 .
979 3653 990 3663 .
1023 3611 1118 3662 diu
1158 3609 1518 3673 occultatum,
1559 3609 1693 3661 dum
1734 3612 1853 3661 arte
1891 3608 2141 3660 mulieris
2181 3609 2425 3676 corrupti
2465 3612 2648 3661 custo—

355 3691 454 3744 des
493 3706 723 3760 segrum
762 3691 1032 3744 simulant
1069 3691 1218 3758 (inde
1256 3691 1412 3758 Epit.
1443 3694 1492 3754 4,
1515 3693 1620 3755 11).
1797 3695 1863 3742 23
1904 3689 2138 3756 Eutrop.
2184 3689 2303 3742 VII
2330 3693 2466 3753 13,5
2504 3688 2650 3739 uixit

357 3787 532 3824 annos
568 3769 674 3823 1111
709 3774 768 3823 et
795 3771 906 3836 LX,
944 3771 1248 3838 imperauit
1285 3769 1452 3824 xml.
1493 3773 1620 3838 post
1666 3772 1901 3822 mortem
1942 3770 2297 3821 consecratus
2336 3771 2421 3822 est
2459 3768 2645 3820 diuus-

356 3867 464 3918 que
495 3850 832 3919 appellatus.
874 3851 1028 3919 Epit.
1054 3856 1104 3914 4,
1128 3857 1158 3904 1
1198 3851 1502 3918 imperauit
1531 3865 1707 3902 annos
1738 3849 2187 3917 quattuordecim
2218 3850 2306 3916 (cf.
2341 3849 2471 3901 Vict.
2499 3849 2644 3902 Caes.

357 3937 408 3995 4,
431 3935 536 3999 14).
585 3935 636 3996 4,
658 3936 724 3984 11
753 3931 898 3984 uixit
929 3947 1102 3983 annos
1132 3931 1426 3999 sexaginta
1456 3932 1739 3998 quattuor.
1784 3931 1931 3984 Oros.
1969 3930 2088 3982 VII
2110 3935 2159 3993 6,
2184 3934 2211 3988 1
2243 3928 2559 3994 mansitque
2590 3928 2647 3979 in

355 4028 419 4064 eo
457 4013 664 4082 (reyno)
713 4011 874 4064 annis
922 4011 1385 4078 quattuordecim.
1445 4012 1513 4075 cs.
1556 4013 1767 4064 Auso—n.
1797 4015 1982 4067 25s,5
2030 4007 2297 4060 Claudius
2344 4007 2648 4060 hebdoma-

356 4091 486 4145 dam
525 4090 810 4160 duplicem
847 4092 1038 4144 trahit.

497 4267 524 4312 7
565 4261 882 4330 urguebant
918 4263 1125 4314 Malle-r
1162 4260 1315 4328 apud
1344 4261 1398 4313 B
1419 4261 1703 4314 -Grusium
1740 4267 1789 4312 et
1820 4259 2069 4327 Madviy,
2110 4257 2389 4310 acuebant
2417 4257 2649 4323 Bentley

361 4348 424 4393 12
457 4341 810 4394 ualidissimo
835 4342 908 4394 M
910 4342 996 4394 Ge*
1100 4347 1164 4394 15
1190 4339 1438 4392 nonnolli
1463 4343 1692 4408 propter
1714 4341 1783 4391 M
1888 4345 1951 4391 16
1984 4339 2223 4391 afluent-e
2248 4338 2316 4390 M
2335 4337 2647 4404 (Graevius)

361 4428 425 4473 18
447 4421 688 4489 clystera
709 4439 741 4480 ς
763 4421 1128 4490 (Salmasius),
1158 4421 1454 4488 clyster-am
1476 4419 1592 4487 (cli-
1615 4421 1830 4486 LPSOJ»
1852 4420 1913 4470 M
1919 4420 2131 4480 LPSO,
2159 4436 2306 4470 -rum
2332 4419 2400 4482 G,
2420 4431 2559 4468 -rem
2590 4418 2650 4481 T,

357 4518 440 4553 -re
478 4503 526 4555 T
667 4507 732 4554 19
770 4501 891 4554 eius
927 4518 1074 4553 mors
1106 4505 1162 4552 X
1320 4507 1384 4552 22
1424 4500 1735 4553 oblectaret-
1767 4502 1839 4553 M
2000 4506 2065 4550 24
2105 4497 2309 4550 aeta-tia
2345 4513 2513 4564 usque
2551 4495 2649 4547 de—

357 4581 500 4634 cimo
539 4598 638 4634 om.
675 4583 746 4636 M
887 4601 1022 4633 xxm.
1058 4581 1164 4632 GT
1305 4580 1594 4632 funeratus
1629 4580 1679 4632 G
