3259 5209
634 451 759 514 172
1324 449 1380 505 C.
1422 449 1739 506 SVETONI
1775 450 2221 516 TRANQVILLI

631 636 756 698 que
802 614 869 678 in
916 611 1070 678 Idus
1117 612 1267 698 Ian.,
1315 619 1615 698 quartum
1663 635 1868 698 usque
1905 616 2252 698 septimum
2293 612 2446 677 Idus
2493 614 2766 678 easdem.
2851 635 2936 678 ex

630 721 931 786 omnibus
994 720 1155 785 duos
1214 721 1602 786 nouissimos
1665 722 2016 787 coniunxit.
2113 719 2378 786 tertium
2439 725 2654 785 autem
2713 721 2938 806 Lugu-

632 827 786 892 duni
846 828 995 892 iniit
1054 828 1255 913 solus,
1312 850 1443 892 non
1506 834 1588 918 ut·
1639 828 1900 913 quidam
1961 831 2309 912 opinantur
2362 828 2662 913 superbia
2717 829 2938 914 negle-

631 935 959 1020 gentiaue,
1019 934 1131 999 sed
1190 935 1362 1018 quod
1420 935 1793 1001 defunctum
1856 935 1975 999 sub
2037 934 2472 1000 Kalendarum
2527 934 2695 999 diem
2741 934 2936 1000 colle-

562 1055 593 1103 2
633 1063 781 1127 gam
841 1041 1110 1106 rescisse
1172 1043 1403 1107 absens
1463 1064 1591 1106 non
1654 1046 1971 1126 potuerat.
2063 1042 2460 1128 congiarium
2521 1039 2768 1125 populo
2828 1040 2938 1104 bis
2991 1066 3032 1105 5

634 1147 808 1212 dedit
872 1152 1162 1214 trecenos
1228 1150 1589 1230 sestertios,
1662 1150 1902 1214 totiens
1971 1147 2600 1213 abundantissimum
2665 1147 2932 1232 epulum

634 1255 884 1320 senatui
940 1255 1347 1339 equestrique
1404 1255 1649 1339 ordini,
1696 1257 1889 1320 etiam
1936 1254 2324 1340 coniugibus
2371 1275 2444 1318 ac
2488 1252 2710 1318 liberis
2757 1257 2936 1318 utro-

633 1383 931 1446 rumque3
990 1362 1344 1446 posteriore
1400 1361 1594 1445 epulo
1651 1363 1932 1427 forensia
1987 1361 2251 1445 insuper
2303 1361 2491 1444 uiris,
2544 1361 2803 1425 feminis
2859 1382 2938 1424 ac

632 1469 849 1552 pueris
904 1467 1135 1534 fascias
1194 1490 1519 1553 purpurae
1576 1491 1652 1533 ac
1708 1469 2034 1552 conchylii
2092 1467 2441 1533 distribuit.
2525 1472 2591 1532 et
2636 1472 2710 1531 ut
2754 1467 2940 1532 laeti-

633 1577 793 1640 tiam
852 1575 1179 1658 publicam
1245 1577 1314 1639 in
1373 1581 1756 1658 perpetuum
1814 1597 2069 1660 quoque
2129 1578 2420 1662 augeret,
2479 1573 2716 1638 adiecit
2763 1574 2936 1638 diem
2969 1599 3036 1640 ιο

638 1680 1086 1746 Saturnalibus
1134 1681 1615 1766 appellauitque
1661 1680 2048 1748 quenalem

532 1782 620 1850 18
819 1787 1090 1852 Munera
1134 1789 1517 1874 gladiatoria
1561 1789 1798 1872 partim
1845 1791 1913 1853 in
1952 1789 2426 1873 amphitheatro
2465 1787 2659 1853 Tauri
2698 1790 2940 1872 partim

637 1896 707 1959 in
754 1895 1008 1980 Saeptis
1069 1891 1317 1979 aliquot
1376 1896 1603 1980 edidit,
1664 1896 1898 1979 quibus
1953 1897 2225 1960 inseruit
2284 1899 2576 1960 cateruas
2627 1894 2942 1960 Afrorum

640 2000 1237 2086 Campanorumque
1283 2002 1580 2087 pugilum
1628 2025 1710 2067 ex
1751 2005 2028 2086 utraque
2073 2004 2338 2088 regione
2385 2001 2942 2066 electissimorum.

643 2131 845 2192 neque
906 2109 1287 2193 spectaculis
1349 2131 1601 2193 semper
1667 2109 1804 2193 ipse
1865 2110 2215 2194 praesedit,
2277 2109 2387 2174 sed
2445 2109 2770 2173 interdum
2827 2113 2944 2173 aut
2975 2131 3034 2172 ιι

569 2227 600 2274 2
640 2215 1126 2302 magistratibus
1163 2221 1276 2280 aut
1304 2215 1525 2281 amicis
1552 2217 1956 2300 praesidendi
1986 2238 2220 2282 munus
2249 2217 2546 2281 iniunxit.
2609 2216 2942 2280 scaenicos

639 2322 826 2386 ludos
873 2326 938 2387 et
984 2322 1239 2386 assidue
1285 2328 1351 2387 et
1395 2323 1559 2387 uarii
1606 2324 1860 2408 generis
1909 2345 1982 2388 ac
2029 2323 2450 2388 multifariam
2496 2323 2680 2404 fecit,
2736 2342 2943 2405 quon-

641 2430 787 2493 dam
848 2433 911 2493 et
969 2433 1322 2493 nocturnos
1382 2431 1671 2494 accensis
1727 2435 1866 2495 tota
1919 2429 2078 2495 urbe
2133 2430 2508 2495 luminibus.
2591 2429 2828 2515 sparsit
2875 2433 2944 2492 et

641 2536 911 2599 missilia
963 2537 1289 2600 uariarum
1344 2559 1557 2601 rerum
1614 2541 1680 2601 et
1729 2536 1996 2621 panaria
2043 2559 2188 2602 cum
2236 2536 2506 2602 obsonio
2552 2537 2797 2600 uiritim
2849 2535 2942 2598 di-

642 2642 823 2726 uisit3
871 2665 999 2726 qua
1044 2644 1411 2727 epulatione
1469 2644 1672 2726 equiti
1719 2643 1795 2708 R.
1843 2648 2069 2709 contra
2123 2665 2190 2710 se
2240 2644 2512 2708 hilarius
2559 2643 2942 2726 auidiusque
2973 2665 3038 2706 ιο

643 2751 928 2814 uescenti
974 2755 1189 2832 partes
1237 2771 1383 2813 suas
1430 2751 1625 2834 misit,
1673 2751 1782 2814 sed
1828 2756 1892 2815 et
1938 2751 2220 2815 senatori
2259 2750 2342 2815 ob
2381 2750 2642 2815 eandem
2681 2770 2941 2814 causam

645 2855 994 2938 codicillos,
1051 2856 1285 2938 quibus
1341 2861 1702 2940 praetorem
1761 2879 1905 2923 eum
1965 2861 2146 2921 extra
2203 2857 2490 2922 ordinem
2547 2855 2941 2942 designabat.

572 2973 604 3022 3
644 2962 843 3027 edidit
898 2967 963 3026 et
1018 2964 1330 3026 circenses
1392 2963 1706 3047 plurimos
1763 2987 1800 3027 a
1844 2985 2029 3027 mane
2083 2964 2163 3027 ad
2216 2985 2551 3048 uesperam
2608 2963 2944 3028 interiecta

644 3069 835 3133 modo
902 3068 1350 3134 Africanarum
1425 3070 1768 3135 uenatione
1841 3070 2032 3134 modo
2097 3069 2326 3135 Troiae
2399 3069 2805 3152 decursione,
2879 3073 2944 3133 et

645 3176 956 3258 quosdam
1004 3176 1403 3260 praecipuOS,
1451 3177 1652 3241 minio
1699 3182 1764 3241 et
1810 3176 2214 3260 chrysocolla
2251 3182 2576 3242 constrato
2615 3177 2786 3241 circo
2823 3197 2944 3240 nec
2975 3199 3034 3240 ει

646 3281 798 3346 ullis
846 3283 968 3347 nisi
1015 3305 1094 3347 ex
1133 3283 1457 3347 senatorio
1498 3284 1721 3347 ordine
1759 3284 2221 3368 aurigantibus.
2308 3284 2630 3349 commisit
2667 3287 2732 3348 et
2769 3283 2942 3348 subi-

646 3392 767 3468 tos,
815 3409 960 3453 cum
1008 3410 1041 3452 e
1091 3387 1425 3452 Gelotiana
1471 3395 1850 3473 apparatum
1899 3390 2048 3453 circi
2097 3390 2598 3474 prospicientem
2635 3391 2822 3474 pauci
2865 3413 2941 3455 ex

647 3494 957 3577 proximis
1002 3493 1357 3558 Maenianis
1403 3495 1858 3579 postulassent.

540 3594 630 3660 19
828 3599 1089 3665 Nouum
1146 3609 1473 3685 praeterea
1528 3609 1720 3686 atque
1775 3603 2136 3667 inauditum
2192 3625 2394 3690 genus
2443 3604 2792 3687 spectaculi
2839 3626 2944 3668 ex-

796 3943 821 3988 1
862 3953 928 3989 ex
968 3937 1171 4005 quibus
1218 3937 1320 3990 tris
1359 3939 1589 4007 Bentley
1636 3940 1770 4006 (tres
1817 3940 1928 3992 iam
1969 3939 2182 4009 Paqius
2229 3939 2456 4008 leyerat,
2501 3939 2800 3992 ordinariis
2841 3957 2950 4008 pro

649 4016 905 4070 omnibus
945 4019 1190 4085 Ernesti)
1337 4025 1366 4070 5
1406 4020 1632 4086 poterat
1662 4021 1716 4070 X
1860 4025 1890 4071 9
1931 4018 2136 4071 fascias
2175 4037 2206 4077 ς
2247 4019 2568 4088 (Ber-eald),
2609 4019 2792 4073 fasces
2821 4022 2876 4072 Ω.

649 4113 715 4150 ac
757 4099 867 4150 ΠΧ
908 4101 994 4165 (ac
1040 4097 1233 4151 ochilii
1278 4099 1375 4166 T),
1431 4100 1491 4151 at
1530 4099 1732 4167 ΜΘΗ,
1785 4100 1955 4167 atque
1998 4099 2048 4152 G
2088 4100 2283 4153 rectius
2331 4107 2464 4166 puto
2517 4102 2604 4166 (cf.
2645 4100 2836 4154 Herm.
2877 4104 2952 4154 40

640 4195 698 4246 p.
731 4182 837 4232 184
856 4182 973 4246 sq),
1002 4177 1191 4249 a<u>t
1220 4179 1485 4231 Biae'cheler
1594 4181 1653 4231 et
1680 4180 1744 4231 ut
1776 4178 2002 4244 GY'P2,
2029 4181 2095 4232 ut
2123 4182 2180 4232 et
2211 4181 2334 4245 Με,
2361 4182 2427 4232 ut
2455 4179 2587 4233 LP²
2701 4185 2765 4232 10
2796 4179 2950 4234 diem

648 4275 746 4312 om.
773 4258 1086 4324 MGLP¹0‚
1102 4265 1227 4327 post
1249 4256 1639 4311 Saturnalibus
1670 4259 1860 4312 inserit
1881 4258 1974 4323 1³²,
2000 4266 2125 4312 ante
2147 4259 2356 4312 adiecit
2377 4261 2644 4314 Bt‘o'cheler
2754 4265 2821 4312 13
2851 4259 2948 4314 de-

651 4336 737 4390 dit
768 4338 903 4392 612¹
1103 4337 1458 4405 afrorumque
1506 4354 1905 4406 campanorum
1947 4345 2476 4408 (campanorumque
2506 4339 2602 4408 P2)
2645 4340 2950 4395 MLP¹SR

655 4423 715 4470 17
746 4418 1026 4485 quosdam
1055 4437 1087 4477 ς
1117 4419 1255 4486 (edd.
1285 4420 1443 4473 Rom.
1467 4419 1539 4472 II
1564 4421 1779 4472 Bonan.
1813 4422 1978 4481 1455)
2125 4425 2194 4470 24
2221 4417 2614 4472 Africanarum
2645 4419 2952 4474 uenatione

649 4498 815 4551 modo
845 4517 943 4552 om.
972 4498 1023 4552 G
1160 4505 1226 4550 25
1265 4499 1547 4566 quondam
1580 4500 1812 4566 Lipsius
1947 4505 2012 4550 26
2053 4499 2239 4552 subito
2273 4501 2346 4553 M
2478 4505 2544 4552 27
2575 4515 2606 4552 e
2633 4498 2950 4570 gelotiana]

648 4577 775 4647 lege
813 4577 1029 4630 lotiana
1060 4579 1269 4639 (-ciana
1290 4579 1363 4646 R)
1389 4579 1497 4632 GT
1638 4585 1704 4631 29
1743 4581 2036 4647 praeterea
2074 4579 2329 4632 auditum
2364 4579 2414 4633 G
