3259 5209
1094 455 1545 512 DOMJTIANVS
1583 467 1715 518 [car.
1747 473 1783 512 ι.
1813 469 1854 518 21
1887 469 1896 476 '
2497 457 2628 522 335

326 640 505 682 mum
566 641 943 704 progressus
1001 623 1067 686 et
1125 619 1358 684 Caesar
1418 619 1858 684 consalutatus
1917 619 2228 686 honorem
2289 625 2629 706 praeturae

326 724 614 790 urbanae
658 727 980 791 consulari
1027 731 1343 810 potestate
1400 728 1685 812 suscepit
1740 727 1933 792 titulo
1989 731 2206 812 tenus,
2258 749 2410 791 nam
2466 728 2628 794 iuris

330 831 675 897 dictionem
726 833 807 896 ad
853 832 1167 919 collegam
1208 834 1573 917 proximum
1620 833 1984 911 transtulit,
2040 839 2323 900 ceterum
2371 856 2628 899 omnem

330 940 467 1002 uim
528 939 985 1006 dominationis
1041 947 1176 1006 tam
1230 942 1497 1006 licenter
1550 941 1864 1026 exercuit,
1919 945 1995 1006 ut
2049 942 2178 1005 iam
2233 945 2372 1006 tum
2421 940 2630 1025 qualis

276 1075 301 1114 s
328 1047 587 1111 futurus
652 1053 819 1111 esset
883 1047 1261 1112 ostenderet.
1370 1071 1451 1114 ne
1516 1070 1796 1132 exequar
1859 1048 2142 1132 singula,
2215 1048 2630 1113 contractatis

329 1143 685 1218 multorum
740 1153 1051 1217 uxoribus
1110 1153 1462 1219 Domitiam
1510 1154 1874 1239 Longinam
1931 1153 2118 1220 Aelio
2167 1153 2426 1220 Lamiae
2471 1177 2629 1238 nup·

332 1265 467 1324 tam
531 1261 725 1326 etiam
792 1260 861 1325 in
920 1261 1399 1326 matrimonium
1455 1259 1750 1345 abduxit,
1822 1267 2014 1346 atque
2079 1283 2208 1326 uno
2275 1261 2375 1326 die
2439 1283 2633 1345 super

332 1367 455 1431 XX
502 1367 718 1432 officia
766 1367 1009 1432 urbana
1053 1373 1165 1433 aut
1201 1369 1542 1453 peregrina
1580 1368 1930 1448 distribuit,
1975 1369 2238 1434 mirari
2275 1390 2353 1433 se
2389 1365 2632 1452 Vespa-

334 1475 514 1540 siano
559 1474 912 1558 dictitante,
964 1475 1163 1559 quod
1208 1497 1727 1541 successorem
1769 1496 1919 1540 non
1960 1480 2035 1540 et
2076 1475 2225 1540 sibi
2265 1475 2631 1540 mitteret.

253 1609 309 1649 ιο
335 1582 807 1666 expeditionem
846 1604 1102 1666 quoque
1139 1581 1207 1646 in
1247 1581 1519 1648 Galliam
1561 1579 2061 1665 Germaniasque
2099 1603 2304 1666 neque
2349 1603 2632 1646 necessa·
2662 1584 2706 1648 2

334 1690 497 1753 riam
546 1693 613 1751 et
656 1689 1169 1754 dissuadentibus
1230 1692 1515 1774 paternis
1562 1691 1786 1754 amicis
1841 1689 2200 1769 incohauit,
2258 1691 2512 1753 tantum
2561 1691 2633 1752 ut

333 1795 525 1858 fratri
570 1817 637 1859 se
682 1800 747 1860 et
792 1795 1025 1879 opibus
1073 1800 1137 1859 et
1182 1796 1553 1882 dignatione
1600 1797 2002 1880 adaequaret.

518 1901 615 1967 Ob
672 1901 829 1966 haec
884 1907 1243 1987 correptus,
1300 1926 1427 1988 quo
1482 1905 1690 1988 magis
1745 1907 1810 1967 et
1855 1903 2082 1967 aetatis
2128 1908 2194 1966 et
2239 1902 2633 1967 condicionis

336 2009 803 2091 admoneretur,
850 2008 1185 2074 habitabat
1235 2032 1379 2075 cum
1426 2013 1608 2094 patre
1657 2031 1784 2074 una
1831 2010 2183 2093 sellamque
2222 2009 2359 2074 eius
2397 2029 2470 2074 ac
2507 2009 2632 2072 fra-

260 2143 310 2183 15
338 2117 482 2192 tris,
558 2118 855 2199 quotiens
917 2116 1271 2201 prodirent,
1344 2115 1571 2180 lectica
1647 2118 2036 2200 sequebatur
2098 2139 2172 2182 ac
2235 2116 2635 2198 triumphum

338 2224 679 2306 utriusque
724 2220 1055 2288 Iudaicum
1102 2246 1265 2308 equo
1306 2223 1451 2288 albo
1492 2224 1837 2288 comitatus
1877 2229 1988 2288 est.
2072 2224 2272 2307 qui<n
2307 2227 2373 2287 et
2410 2223 2487 2304 e>
2524 2243 2636 2286 sex

341 2329 779 2394 consulatibus
814 2352 947 2395 non
982 2331 1109 2394 nisi
1147 2353 1343 2394 unum
1382 2331 1776 2395 ordinarium
1817 2332 2016 2416 gessit
2063 2351 2339 2414 eumque
2376 2329 2636 2396 cedente

343 2458 417 2500 ac
470 2437 864 2522 suffragante
918 2437 1131 2502 fratre.
1234 2437 1561 2502 simulauit
1616 2442 1682 2501 et
1728 2438 1864 2520 ipse
1919 2439 2078 2501 mire
2135 2436 2512 2502 modestiam
2569 2437 2637 2500 in
2673 2455 2706 2504 2

342 2545 695 2628 primisque
751 2544 1037 2629 poeticae
1095 2543 1407 2626 studium,
1467 2549 1601 2608 tam
1661 2545 1984 2608 insuetum
2035 2549 2220 2608 antea
2267 2541 2395 2608 sibi
2443 2565 2634 2627 quam

262 2677 317 2715 20
342 2655 568 2734 postea
614 2655 899 2733 spretum
948 2657 1011 2715 et
1057 2652 1395 2734 abiectum,
1444 2651 1868 2735 recitauitque
1915 2651 2108 2714 etiam
2157 2649 2430 2735 publice.
2522 2671 2639 2713 nec

342 2761 559 2822 tamen
604 2779 679 2822 eo
728 2759 953 2840 setius,
1009 2780 1155 2822 cum
1202 2757 1605 2844 Vologaesus
1655 2757 2044 2822 Parthorum
2091 2780 2203 2822 rex
2249 2758 2489 2821 auxilia
2535 2755 2638 2819 ad-

345 2885 567 2930 uersus
614 2865 857 2929 Alanos
905 2864 1258 2950 ducemque
1304 2855 1577 2929 alterum
1625 2887 1702 2928 ex
1750 2863 2134 2948 Vespasiani
2179 2863 2400 2928 liberis
2449 2863 2638 2946 depo-

343 2971 675 3057 poscisset,
723 2973 899 3036 omni
948 2993 1068 3056 ope
1117 2972 1447 3036 contendit
1496 2975 1567 3034 ut
1614 2971 1751 3053 ipse
1799 2970 2211 3054 potissimum
2248 2970 2638 3054 mitteretur3

344 3083 410 3143 et
467 3077 618 3163 quia
663 3077 948 3143 discussa
993 3101 1091 3142 res
1138 3082 1260 3158 est,
1317 3077 1479 3142 alios
1527 3075 1810 3142 Orientis
1855 3099 2039 3162 reges
2085 3083 2159 3140 ut
2202 3077 2374 3140 idem
2421 3080 2638 3159 postu-

262 3207 319 3248 εὖ
344 3185 555 3251 larent
599 3185 785 3250 donis
832 3206 907 3249 ac
950 3183 1529 3268 pollicitationibus
1577 3183 1927 3249 sollicitare
1976 3184 2335 3266 temptauit.

524 3291 714 3356 Patre
760 3291 1062 3357 defuncto
1102 3291 1212 3356 diu
1249 3295 1587 3355 cunctatus
1627 3313 1706 3354 an
1739 3289 2006 3373 duplum
2039 3289 2417 3355 donatiuum
2445 3289 2639 3353 militi
2678 3307 2712 3354 3

346 3399 622 3482 offerret,
660 3419 1011 3481 numquam
1038 3399 1274 3462 iactare
1304 3396 1628 3461 dubitauit
1667 3395 2028 3461 relictum
2068 3418 2144 3461 se
2181 3397 2642 3481 participem

346 3505 681 3589 imperii,
718 3505 846 3569 sed
882 3503 1226 3568 fraudem
1266 3507 1730 3568 testamento
1769 3501 2221 3586 adhibitam3
2267 3526 2475 3588 neque
2513 3525 2642 3568 ces-

348 3615 517 3678 sauit
552 3635 629 3678 ex
658 3633 735 3677 eo
774 3611 1036 3676 insidias
1066 3615 1311 3676 struere
1346 3611 1533 3674 fratri
1570 3609 1734 3673 clam
1773 3610 2026 3694 palam!
2034 3613 2219 3694 que),
2258 3611 2469 3696 quoad
2511 3631 2643 3674 cor-

492 3830 521 3877 2
562 3840 690 3877 cum
720 3830 845 3892 post
880 3821 1129 3876 urbanae
1168 3822 1295 3875 add.
1333 3824 1381 3873 Τ
1556 3838 1689 3874 nam
1725 3822 1774 3874 I.
1809 3821 2065 3886 Gronov„
2107 3830 2274 3888 quam
2314 3823 2382 3886 Ω,
2421 3820 2557 3888 quia
2595 3840 2642 3886 ς,

348 3904 613 3974 quoniam
656 3904 792 3959 Oua.
841 3903 933 3972 (ef.
966 3920 1023 3971 p.
1056 3906 1180 3968 347,
1198 3905 1256 3972 2)
1457 3907 1489 3953 5
1535 3917 1606 3954 ne
1648 3901 1777 3970 HQ,
1833 3916 1937 3954 nec
1982 3903 2074 3955 rel.
2282 3901 2644 3954 contrectatis

348 3983 500 4040 codd.
532 3992 753 4054 praeter
784 3987 857 4039 M
1034 3989 1100 4037 10
1139 3999 1313 4050 quoq:
1365 3997 1435 4034 ne
1472 3980 1533 4034 in
1564 3982 1671 4034 Md
1709 3983 1798 4050 (ne
1831 3983 2068 4049 pertinet
2105 3982 2180 4036 ad
2217 3981 2534 4045 cessariam,
2572 3982 2640 4046 cf.

349 4066 538 4120 Herm.
569 4069 640 4120 36
666 4083 718 4133 p.
747 4067 878 4132 293)
1032 4063 1207 4133 gallia
1238 4064 1324 4128 M,
1353 4061 1557 4132 gallias
1586 4065 1622 4116 δ
1765 4078 1901 4130 neq:
1941 4061 2239 4115 cessariam
2270 4063 2343 4116 M
2372 4065 2446 4129 (u.
2477 4063 2644 4127 ame),

348 4144 753 4200 neccessariam
782 4148 903 4214 (om.
932 4147 1133 4213 neque)
1165 4145 1199 4196 δ
1310 4148 1375 4195 12
1415 4141 1679 4211 operibus
1709 4141 1825 4201 11²5
1854 4143 2045 4212 (παῖς.)
2170 4145 2227 4194 et
2261 4140 2541 4210 dignitate
2574 4140 2644 4205 G,

346 4225 739 4296 indignatione
769 4225 821 4279 L
969 4229 1032 4276 14
1070 4239 1241 4277 unam
1278 4225 1349 4277 M
1353 4224 1435 4278 Τδ
1582 4227 1648 4275 16
1686 4221 1867 4294 qui<n
1905 4223 1963 4275 et
1999 4221 2072 4294 e>
2111 4237 2206 4276 sex
2243 4221 2439 4290 scripsi
2483 4219 2643 4288 (quin

348 4322 416 4360 ex
456 4305 717 4374 Bentley,
762 4303 831 4372 cf.
872 4305 1060 4358 Herm.
1091 4309 1243 4372 4012.
1276 4307 1428 4372 190),
1468 4303 1593 4370 quis
1641 4318 1710 4355 ex
1742 4301 1884 4367 MR,
1923 4303 2021 4370 qui
2060 4318 2156 4356 sex
2198 4301 2412 4366 GLPe,
2449 4300 2508 4353 in
2545 4315 2644 4354 sex

2305 4385 2332 4412 ⁸

350 4429 603 4500 HQSOT
634 4431 827 4500 (παῖς.)
973 4434 1040 4482 20
1079 4429 1251 4481 etiam
1288 4445 1387 4481 om.
1425 4428 1475 4482 Θ
1620 4433 1685 4479 21
1717 4425 2017 4494 uologesus
2053 4429 2116 4488 T,
2154 4425 2444 4495 uologisus
2481 4427 2538 4492 (a
2573 4441 2641 4478 ss.

350 4529 415 4564 m.
444 4513 503 4578 2)
532 4511 576 4565 S
714 4515 783 4562 29
820 4509 1095 4563 instruere
1128 4511 1199 4563 M
1204 4509 1283 4563 To
1428 4507 1730 4576 palamque
1763 4509 1844 4566 Τς
1882 4508 1971 4575 (cf.
2003 4509 2112 4561 Iul.
2137 4512 2228 4572 80,
2251 4509 2320 4575 1),
2360 4506 2417 4559 et
2453 4503 2644 4574 palam

348 4591 427 4658 L,
471 4591 665 4661 palam
699 4593 793 4646 rel.
