3259 5209
627 451 758 514 254
1322 451 1378 506 G.
1420 452 1707 506 SVETON
1709 453 1735 506 Ι
1772 451 2216 517 TRANQVILLI

555 631 586 678 5
803 613 1023 678 Iunxit
1082 616 1426 699 parricidio
1486 617 1711 680 matris
1771 617 2005 680 amitae
2064 637 2300 679 necem.
2387 638 2577 698 quam
2642 637 2787 680 cum
2844 639 2920 680 ex

625 721 860 785 duritie
919 721 1048 786 alui
1113 721 1452 786 cubantem
1513 723 1835 805 uisitaret‚
1906 726 1970 786 et
2031 721 2142 785 illa
2205 726 2486 785 tractans
2546 722 2919 807 lanuginem

625 829 780 908 eiuS,
817 833 890 891 ut
929 828 1182 911 assolet,
1221 830 1347 892 iam
1385 830 1646 916 grandis
1684 835 1839 894 natu
1876 852 1993 914 per
2030 827 2375 892 blanditias
2410 830 2580 893 forte
2628 829 2919 892 dixisset:

623 935 852 999 simul
897 935 1090 999 hanc
1136 958 1532 1020 excepero,
1579 939 1777 1002 mori
1822 936 2027 1020 nole,
2075 957 2423 1000 conuersus
2466 936 2545 1000 ad
2584 937 2919 1019 proximos

621 1041 1029 1106 confestim
1071 1064 1146 1106 se
1184 1044 1618 1126 positurum
1648 1043 1827 1107 uelut
1865 1042 2137 1106 irridens
2176 1043 2267 1105 ait
2304 1043 2763 1126 praecepitque
2790 1066 2919 1106 me·
2976 1069 3003 1106 5

623 1148 782 1212 dicis
837 1153 912 1212 ut
969 1149 1216 1235 largius
1271 1154 1623 1235 purgarent
1678 1172 1963 1234 aegram3
2026 1148 2299 1213 necdum
2352 1149 2693 1213 defunctae
2748 1148 2921 1212 bona

621 1255 860 1320 inuasit
907 1277 1250 1339 suppresso
1299 1261 1702 1339 testamento,
1748 1277 1829 1320 ne
1877 1255 2032 1339 quid
2078 1255 2465 1319 abscederet.

516 1358 606 1424 35
799 1360 1046 1426 onres
1100 1367 1354 1446 praeter
1409 1360 1742 1426 Octauiam
1800 1363 1957 1427 duas
2011 1367 2237 1445 postea
2284 1361 2493 1425 duxit:
2548 1361 2916 1446 Poppaeam

621 1467 926 1532 Sabinam
975 1469 1341 1551 quaestorio
1399 1473 1579 1552 patre
1636 1475 1851 1534 natam
1908 1474 1973 1533 et
2020 1468 2223 1552 equiti
2272 1467 2344 1532 R.
2392 1471 2579 1532 antea
2626 1473 2921 1551 nuptam,

619 1575 846 1639 deinde
895 1574 1216 1639 Statiliam
1264 1575 1674 1640 Messalinam
1724 1576 1919 1639 Tauri
1966 1577 2065 1640 bis
2112 1575 2396 1640 consulis
2444 1597 2519 1638 ac
2558 1573 2915 1658 triumpha·
2951 1600 3005 1638 10

618 1680 700 1744 lis
746 1681 1106 1765 abneptem.
1192 1705 1318 1765 qua
1363 1687 1438 1746 ut
1491 1687 1848 1766 poteretur,
1906 1683 2113 1746 uirum
2174 1683 2310 1745 eius
2366 1681 2656 1745 Atticum
2707 1680 2918 1745 Vesti-

617 1809 774 1851 num
829 1791 1158 1852 consulem
1218 1790 1284 1852 in
1338 1789 1582 1854 honore
1640 1791 1783 1874 ipso
1837 1789 2201 1854 trucidauit.
2296 1787 2600 1852 Octauiae
2653 1808 2917 1850 consue-

619 1894 906 1959 tudinem
947 1897 1074 1958 cito
1122 1900 1518 1979 aspernatus,
1565 1895 2061 1980 corripientibus
2108 1895 2332 1959 amicis
2370 1895 2743 1958 sufficere
2788 1893 2919 1958 illi

546 2015 576 2061 2
617 2000 890 2065 debere
951 2003 1283 2085 respondit
1337 2003 1610 2066 uxoria
1670 2007 2131 2067 ornamenta.
2215 2001 2480 2066 eandem
2527 2023 2679 2064 mox
2726 2023 2918 2083 saepe

615 2109 853 2172 frustra
899 2109 1300 2192 strangulare
1347 2109 1693 2174 meditatus
1743 2110 1986 2174 dimisit
2032 2114 2105 2172 ut
2151 2108 2461 2191 sterilem,
2516 2107 2627 2172 sed
2676 2109 2915 2190 impro-
2949 2133 3001 2172 ιε.

617 2214 810 2277 bante
867 2215 1217 2279 diuortium
1275 2216 1517 2299 populo
1576 2239 1692 2279 nec
1747 2221 2044 2299 parcente
2102 2216 2437 2298 conuiciis„
2504 2215 2700 2278 etiam
2755 2214 2913 2278 rele-

618 2322 824 2405 gauit,
880 2321 1156 2404 denique
1219 2323 1453 2386 occidit
1509 2323 1628 2386 sub
1686 2322 1951 2386 crimine
2007 2323 2471 2386 adulteriorum
2520 2321 2677 2384 adeo
2726 2322 2914 2403 inpu-

619 2427 795 2490 denti
849 2426 1167 2512 falsoque‚
1224 2431 1295 2490 ut
1351 2429 1417 2492 in
1473 2429 1847 2511 quaestione
1903 2429 2402 2514 pernegantibus
2459 2429 2709 2492 cunctis
2758 2427 2912 2491 Ani-

614 2536 827 2596 cetum
885 2533 1332 2620 paedagogum
1395 2557 1580 2598 suum
1643 2536 1915 2599 indicem
1982 2535 2348 2618 subiecerit,
2410 2535 2519 2618 qui
2582 2537 2857 2619 fingeret
2884 2535 2911 2580 †

545 2652 575 2700 3
614 2639 762 2702 dolo
839 2644 1196 2723 stupratam
1261 2663 1298 2704 a
1363 2663 1428 2704 se
1503 2643 1829 2705 fateretur.
1931 2642 2298 2725 Poppaeam
2363 2641 2741 2705 duodecimo
2808 2641 2911 2704 die
2942 2665 2995 2702 20

613 2750 761 2829 post
826 2747 1177 2810 diuortium
1237 2746 1542 2812 Octauiae
1608 2750 1676 2811 in
1742 2750 2225 2812 matrimonium
2291 2751 2616 2831 acceptam
2682 2747 2910 2811 dilexit

611 2854 823 2936 unice3
884 2857 948 2916 et
1009 2858 1222 2917 tamen
1285 2855 1486 2938 ipsam
1551 2876 1807 2938 quoque
1864 2856 1992 2919 ictu
2052 2854 2245 2918 calcis
2302 2855 2564 2937 occidit,
2621 2855 2793 2938 quod
2840 2875 2907 2917 se

612 2981 688 3022 ex
738 2961 1140 3045 aurigatione
1198 2983 1338 3025 sero
1394 2983 1723 3024 reuersum
1781 2961 2048 3045 grauida
2103 2967 2169 3025 et
2216 2982 2407 3046 aegra
2452 2961 2767 3025 conuiciis
2814 2961 2907 3024 in-

615 3072 905 3131 cesserat.
981 3089 1059 3131 ex
1116 3067 1236 3130 hac
1291 3068 1490 3131 filiam
1547 3069 1703 3131 tulit
1759 3067 2090 3132 Claudiam
2139 3069 2503 3153 Augustam
2560 3068 2906 3150 amisitque

610 3174 954 3237 admodum
1002 3173 1331 3238 infantem.
2934 3197 2986 3235 ιε

756 3401 781 3446 1
824 3394 992 3446 Schol.
1027 3395 1153 3445 Iun.
1187 3399 1248 3453 8,
1277 3397 1386 3446 213
1435 3410 1468 3445 a
1504 3393 1726 3447 Nerone
1871 3397 2053 3446 mater
2098 3395 2285 3448 occisa
2330 3399 2416 3448 est
2462 3398 2521 3450 et
2568 3395 2761 3449 amita.

610 3480 772 3540 8sqq.
805 3475 958 3541 Epic.
993 3480 1042 3538 5,
1065 3479 1096 3526 5
1138 3472 1434 3526 Octauiam
1471 3478 1530 3526 et
1567 3473 1837 3526 Sabinam
1874 3479 2243 3543 cognomento
2272 3475 2595 3544 Poppaeam
2624 3475 2681 3528 in
2710 3477 2903 3528 matri-

609 3553 858 3605 monium
898 3553 1058 3605 duxit
1096 3553 1232 3604 uiris
1273 3569 1462 3605 earum
1501 3555 1815 3607 trucidatis
1982 3561 2046 3607 ‘22
2088 3555 2259 3608 Schol.
2291 3557 2418 3608 Iun.
2443 3561 2625 3622 &462
2664 3555 2905 3610 decessit

608 3632 762 3686 calce
801 3650 834 3684 a
871 3632 1090 3685 Nerone
1129 3649 1406 3700 percussa.

751 3861 782 3906 2
822 3854 1065 3908 duritiae
1097 3857 1180 3922 M,
1222 3833 1433 3928 durici}
1461 3859 1518 3910 P
1551 3860 1649 3924 (sic
1677 3875 1743 3910 m.
1768 3861 1838 3922 1),
1876 3857 1958 3909 -ia
1986 3858 2077 3911 rel.
2110 3859 2198 3923 (cf.
2230 3859 2425 3913 Claud.
2450 3861 2537 3925 14)
2677 3865 2707 3911 3
2748 3874 2902 3914 asso-

608 3936 725 3988 lent
779 3935 894 3986 iam
949 3935 1190 4002 grandes
1248 3937 1476 3991 Salmas.
1526 3945 1576 3990 et
1630 3937 1816 4001 Grut„
1875 3938 2081 3990 assolet
2128 3938 2243 3990 iam
2298 3938 2608 4006 grandibus
2668 3941 2900 3994 Casan-b.

607 4022 638 4067 5
677 4017 1089 4084 praeceptoque
1122 4016 1349 4084 Bentley
1523 4023 1553 4068 8
1596 4017 1919 4084 pompeiam
1948 4021 2137 4086 (pope-
2166 4020 2249 4084 H,
2292 4034 2503 4086 poppe·
2543 4020 2656 4072 cod.
2688 4019 2901 4073 Dtmel-

605 4097 820 4161 mense's)
847 4099 915 4160 Ω,
954 4111 1088 4148 corr.
1109 4095 1410 4149 Sabellicus
1438 4098 1525 4162 (cf.
1559 4098 1589 4149 l.
1610 4101 1706 4165 20)
1815 4104 1875 4148 11
1910 4097 2243 4165 abnepotem
2277 4098 2572 4166 MGL¹Q³
2680 4102 2901 4167 potere-

604 4180 696 4228 tur
737 4176 899 4244 M1Q,
929 4174 1074 4242 poti·
1105 4175 1176 4226 M
1181 4175 1201 4204 ²
1237 4182 1285 4228 et
1321 4178 1412 4230 rel.
1580 4182 1645 4228 14
1684 4176 1843 4230 uxori
1876 4179 1957 4239 M,
1998 4177 2185 4231 uxoris
2224 4181 2259 4232 δ
2412 4183 2477 4230 19
2516 4179 2757 4232 indicem
2796 4197 2901 4234 om.

604 4258 683 4309 ed..
717 4258 873 4310 Rom.
905 4257 979 4307 ΙΙ
1010 4257 1210 4323 (Torr.)
1429 4257 1664 4325 fingeret
1696 4257 1845 4321 MG,
1893 4258 2128 4327 fingeret
2174 4261 2232 4311 et
2270 4262 2327 4310 X
2345 4259 2471 4324 fort.
2512 4265 2674 4325 recte,
2720 4277 2818 4313 om.
2860 4263 2907 4312 T

603 4338 824 4407 (itala),
877 4337 1132 4388 lacunam
1178 4337 1372 4389 statuit
1409 4337 1553 4390 Roth
1603 4339 1691 4404 (cf.
1732 4339 1855 4390 Tac.
1888 4355 2017 4390 ann.
2054 4339 2211 4390 XIV
2232 4342 2304 4392 62
2349 4337 2512 4408 fingit
2552 4337 2899 4409 fateturque)

605 4422 672 4467 ‘20
711 4418 1059 4484 stuparatam
1102 4415 1196 4468 31¹
1374 4415 1757 4483 fateretur-que
1799 4417 1877 4483 G,
1924 4419 2024 4471 del.
2070 4419 2206 4472 Οιιά.
2378 4419 2701 4488 pompeiam
2740 4424 2899 4488 {spop-

601 4497 788 4564 peiam
824 4497 887 4563 Q)
919 4498 988 4560 Ω,
1021 4511 1156 4547 corr.
1189 4495 1488 4550 Sabellicus
1517 4499 1605 4563 (cf.
1638 4515 1807 4565 supra
1846 4499 1881 4550 l.
1904 4503 1958 4562 3,
1986 4499 2103 4550 sim.
2130 4515 2186 4564 p.
2208 4503 2317 4551 255
2351 4499 2382 4551 l.
2414 4503 2451 4552 2
2479 4505 2526 4552 et
2556 4503 2614 4565 93
2636 4519 2696 4568 p.
2718 4505 2844 4563 255,
2865 4504 2901 4552 9

601 4577 844 4644 poppeia
881 4577 1041 4628 etia-m
1071 4577 1143 4644 L)
