3259 5209
601 425 734 490 284
967 425 1024 478 G.
1065 423 1380 480 SVETom
1415 423 1860 489 TRANQVILLI
1898 423 2142 479 GALBA
2180 435 2312 484 [cuv.
2344 435 2522 486 ,ιι-33]

494 587 579 653 21
781 587 1044 652 Statura
1104 588 1231 652 fuit
1301 588 1497 668 iusta,
1571 586 1785 672 capite
1855 586 2223 671 praecaluo,
2298 587 2503 651 oculis
2576 587 2903 666 caeruleis,

602 695 852 759 adunco
897 716 1083 778 naso,
1143 694 1440 759 manibus
1485 681 1885 779 pedibusque
1932 693 2259 758 articulari
2314 692 2541 758 morbo
2588 693 2905 758 distortis·

603 803 809 884 simis,
869 807 944 866 ut
996 823 1205 885 neque
1251 802 1535 866 calceum
1579 801 1833 885 perpeti
1878 822 2087 884 neque
2132 798 2388 865 libellos
2434 799 2733 864 euoluere
2791 805 2907 864 aut

603 914 817 974 tenere
865 909 1128 973 omnino
1173 907 1436 973 ualeret.
1521 911 1888 972 excreuerat
1942 906 2139 972 etiam
2184 908 2252 971 in
2300 906 2659 972 dexteriore
2705 907 2907 970 latere

601 1017 737 1080 eius
777 1037 921 1080 caro
959 1013 1557 1099 praependebatque
1595 1013 1754 1078 adeo
1783 1017 1857 1078 ut
1893 1033 2080 1100 aegre
2108 1012 2307 1078 fascia
2344 1012 2903 1100 substringeretur.
2962 1037 2994 1079 ε

499 1121 584 1186 22
781 1119 923 1185 Cibi
969 1121 1234 1205 plurimi
1278 1120 1570 1205 traditur,
1618 1142 1809 1204 quem
1856 1125 2144 1204 tempore
2191 1119 2464 1185 hiberno
2512 1121 2709 1184 etiam
2756 1125 2909 1184 ante

602 1230 813 1293 lucem
872 1249 1096 1311 capere
1155 1231 1518 1311 consuerat,
1582 1227 1751 1290 inter
1810 1249 2029 1290 cenam
2091 1248 2245 1291 uero
2307 1247 2511 1310 usque
2572 1248 2648 1291 eo
2709 1227 2909 1291 abun-

604 1335 924 1418 danti<s)‚
996 1339 1071 1399 ut
1143 1339 1480 1419 congestas
1553 1355 1746 1418 super
1819 1356 2046 1399 manus
2120 1335 2429 1418 reliquias
2505 1334 2908 1400 circumferri

601 1550 748 1613 nior
775 1552 840 1612 et
868 1569 978 1612 eos
1006 1569 1140 1612 non
1164 1546 1290 1612 nisi
1320 1547 1667 1631 praeduros
1698 1547 2139 1631 exoletosque3
2175 1546 2466 1612 ferebant
2492 1548 2559 1611 in
2588 1546 2909 1632 Hispania
2940 1572 3001 1612 ιο

601 1654 840 1720 Icelum
907 1678 940 1720 e
996 1655 1320 1719 ueteribus
1377 1653 1753 1718 concubinis
1809 1653 1885 1717 de
1929 1653 2209 1719 Neronis
2265 1654 2443 1719 exitu
2495 1655 2905 1736 nuntiantem

603 1783 732 1826 non
779 1762 972 1825 modo
1029 1760 1364 1825 artissimis
1421 1759 1657 1824 osculis
1718 1759 1951 1844 palam*
1984 1764 2317 1844 exceptum
2380 1759 2461 1824 ab
2508 1782 2614 1842 eo,
2675 1760 2789 1826 sed
2835 1765 2909 1824 ut

605 1870 741 1933 sine
787 1888 968 1931 mora
1015 1866 1364 1946 uelleretur¹
1405 1871 1655 1931 oratum
1704 1871 1897 1950 atque
1944 1866 2299 1932 seductum.

494 1972 582 2038 23
785 1973 984 2040 Periit
1030 1973 1223 2038 tertio
1263 1978 1327 2036 et
1364 1975 1836 2059 septuagesimo
1885 1975 2111 2038 aetatis
2152 1995 2339 2056 anno,
2386 1973 2641 2057 imperii
2689 1993 2907 2036 mense

601 2081 893 2165 septimo.
981 2085 1266 2162 senatus,
1321 2084 1394 2144 ut
1438 2080 1721 2164 primum
1774 2080 2026 2145 licitum
2080 2085 2204 2164 est,
2260 2083 2538 2144 statuam
2586 2081 2646 2144 ei
2695 2079 2907 2145 decre·
2936 2103 2995 2144 ιο

599 2190 785 2251 uerat
830 2190 1144 2252 rostratae
1183 2187 1514 2251 columnae
1551 2190 2022 2271 superstantem
2073 2187 2139 2251 in
2185 2190 2368 2271 parte
2409 2187 2555 2271 fori,
2602 2209 2729 2271 qua
2772 2191 2907 2252 tru-

602 2292 851 2358 cidatus
913 2297 1036 2377 est3
1098 2292 1209 2357 sed
1267 2293 1593 2358 decretum
1649 2291 2085 2376 Vespasianus
2146 2293 2432 2358 aboleuit
2492 2315 2907 2378 percussores

601 2400 724 2464 sibi
773 2423 850 2464 ex
897 2399 1212 2483 Hispania
1259 2400 1327 2463 in
1371 2398 1671 2464 Iudaeam
1720 2399 2094 2464 submisisse
2142 2403 2457 2484 opinatus.
2848 2415 2855 2420 '

741 2562 790 2610 6.
831 2563 861 2610 9
911 2557 1063 2626 Epit.
1098 2563 1151 2622 6,
1177 2561 1216 2609 2
1270 2557 1328 2610 in
1377 2557 1763 2611 adulescentes
1826 2556 2229 2626 (adolescentia
2283 2558 2395 2612 cod.
2440 2559 2703 2624 Landolti.
2749 2571 2817 2611 m.
2849 2561 2909 2622 2,

598 2637 940 2692 adolescen*
969 2655 1037 2690 m.
1071 2639 1123 2706 1)
1155 2636 1398 2702 infamis,
1437 2637 1510 2690 ad
1537 2637 1879 2691 uescendum
1908 2637 2287 2708 intemperans
2318 2637 2443 2691 fuit.
2568 2645 2631 2691 14
2662 2639 2903 2706 Eutrop.

611 2719 738 2772 VII
757 2722 846 2783 16,
879 2723 908 2770 1
948 2733 1073 2770 cum
1112 2717 1589 2788 septuagesimum
1628 2720 1686 2771 et
1724 2719 1955 2772 tertium
1986 2734 2195 2771 annum
2224 2721 2419 2787 ageret
2457 2719 2679 2773 aetatis.
2747 2723 2835 2783 16,
2867 2723 2903 2771 ‚3

599 2798 816 2852 occisus
863 2799 949 2850 est
985 2796 1210 2866 imperii
1255 2812 1446 2850 mense
1495 2795 1751 2866 septimo,
1819 2799 1889 2863 cf.
1933 2799 2065 2852 Valet.
2100 2799 2248 2853 Caes.
2282 2803 2332 2862 6,
2365 2803 2400 2851 3
2434 2813 2630 2852 mense
2675 2797 2906 2867 imperii

597 2895 664 2931 ac
703 2877 794 2932 die
833 2877 1088 2946 septim0.
1156 2878 1311 2946 Epit.
1344 2882 1395 2943 6,
1423 2882 1458 2931 4
1497 2894 1623 2930 cum
1662 2878 2138 2948 septuagesimum
2176 2879 2406 2932 tertium
2446 2878 2653 2932 aetatis
2692 2895 2899 2932 annum

597 2961 806 3028 ageret.
884 2963 933 3024 6,
965 2963 995 3011 1
1042 2957 1346 3025 imperauit
1389 2973 1605 3010 menses
1656 2961 1896 3026 septem,
1959 2959 2077 3012 dies
2126 2957 2379 3012 totidem.
2450 2961 2602 3013 Oros,
2646 2959 2769 3013 VII
2786 2963 2839 3024 8,
2872 2965 2905 3012 1

598 3055 724 3092 cum
763 3053 872 3105 quo
913 3037 1155 3106 (Pisone)
1193 3036 1433 3107 septimo
1471 3053 1661 3090 mense
1697 3037 1923 3106 imperii
1972 3038 2058 3092 sui
2098 3039 2169 3092 ab
2210 3037 2429 3092 Othone
2468 3039 2758 3108 iugulatus
2796 3041 2903 3092 est.

741 3187 771 3232 2
802 3179 1041 3249 pedibus
1069 3179 1441 3246 manibusque
1463 3181 1513 3232 (γ’
1623 3186 1655 3232 3
1684 3195 1865 3247 neque
1896 3184 2043 3246 (ante
2071 3180 2313 3246 libellos)
2336 3183 2440 3246 G-o,
2469 3197 2541 3234 ne
2562 3181 2643 3236 M.
2674 3197 2777 3234 nec
2804 3183 2899 3235 rel.

598 3261 756 3328 (edd.)
932 3266 962 3312 5
1002 3261 1155 3331 caro]
1193 3259 1374 3329 gybus
1405 3259 1500 3326 ΠΙ,
1541 3259 1758 3328 ,gibbus
1795 3260 1864 3329 Q,
1914 3259 1981 3312 ui
2017 3277 2146 3314 caro
2186 3260 2286 3327 11²,
2332 3257 2539 3330 gibbus
2576 3261 2668 3314 uel
2708 3277 2835 3315 caro
2868 3279 2901 3320 ς

599 3345 626 3392 7
669 3343 1034 3395 consueuerat
1073 3341 1190 3394 ΡΝ
1364 3340 1503 3393 adeo
1539 3341 1584 3409 Q
1765 3340 2107 3394 abundantis
2151 3341 2447 3407 Graevius,
2502 3339 2817 3395 abundanti
2848 3344 2903 3395 a

596 3423 642 3482 (s
671 3436 843 3487 supra
862 3421 910 3473 ti
931 3421 974 3474 S
989 3439 1056 3473 m.
1074 3424 1128 3484 2,
1157 3426 1206 3473 et
1233 3419 1527 3472 abundans
1550 3424 1618 3487 ς),
1650 3419 2038 3473 abundancius
2069 3423 2189 3490 (om.
2211 3437 2389 3490 usque
2416 3423 2504 3490 eo)
2526 3424 2577 3488 ὃ,
2606 3421 2897 3474 abundan-

595 3502 710 3552 tem
749 3501 899 3570 uuly.
941 3503 1136 3568 (usque
1176 3499 1270 3552 ab·
1310 3500 1388 3553 cd.
1423 3501 1650 3554 Mediol.
1684 3504 1840 3563 1475,
1880 3517 2055 3569 usque
2094 3518 2158 3554 eo
2188 3500 2284 3555 ab·
2317 3503 2459 3556 Bon.
2492 3504 2681 3570 1488),
2721 3501 2895 3555 abun-

597 3579 795 3631 danter
827 3580 1064 3646 Gruter„
1104 3578 1341 3632 abutens
1371 3582 1441 3646 (et
1469 3587 1582 3634 tum
1613 3578 1823 3648 subter)
1860 3581 2094 3648 Gtv'etus
2238 3587 2268 3636 9
2297 3580 2525 3634 libidini
2562 3582 2611 3636 T
2606 3600 2733 3644 oren,
2776 3581 2913 3634 libi-

597 3659 823 3712 dinibus
845 3661 1112 3714 Boxhorn
1225 3658 1499 3728 pronioris
1521 3659 1700 3728 Steph.
1732 3662 1820 3729 (cf.
1853 3663 1973 3714 uita
1999 3661 2151 3732 Ver-9.
2174 3679 2233 3731 p.
2258 3667 2332 3714 56
2353 3661 2445 3732 R.)
2557 3668 2619 3714 11
2652 3661 2899 3715 hicelum

597 3739 694 3806 (ic-
715 3739 784 3806 T)
797 3742 863 3804 X,
885 3737 1162 3792 ehicelum
1181 3739 1251 3790 M
1253 3738 1359 3790 GT
1376 3741 1394 3805 ζ
1395 3740 1455 3791 in
1471 3739 1542 3790 M
1557 3741 1658 3793 sic:
1690 3739 1987 3808 hispaniae
2006 3740 2098 3794 hic
2119 3740 2339 3810 elume),
2362 3741 2505 3814 e<t>
2525 3741 2610 3795 Ic·
2630 3742 2903 3797 Bic'cheler

737 3819 938 3872 subscr.
989 3833 1033 3870 c.
1065 3816 1285 3872 suetoni
1314 3818 1609 3885 tranquilli
1640 3819 1707 3872 de
1738 3819 1860 3873 uita
1889 3835 2177 3875 caesarum
2206 3821 2379 3890 galba
2407 3820 2654 3890 explicit.
2692 3821 2901 3891 incipit

595 3898 729 3951 otho
776 3897 1018 3951 feliciter
1057 3900 1126 3952 M
1171 3904 1221 3951 et
1263 3901 1380 3952 sim.
1427 3899 1650 3954 GPHR
1711 3899 1973 3968 (feliciter
2018 3917 2117 3955 om.
2164 3902 2297 3968 GR,
2353 3900 2641 3970 incipit—
2665 3901 2915 3955 feliciter

594 3997 694 4032 om.
727 3981 796 4047 P)
971 3977 1205 4047 explicit
1241 3977 1424 4047 galba.
1466 3976 1669 4047 incipit
1706 3980 1839 4033 otho
1879 3978 2121 4034 feliciter
2155 3982 2201 4051 Q
2380 3980 2617 4050 explicit
2654 3980 2752 4035 lib.
2782 3981 2904 4035 VII.

593 4059 798 4128 incipit
835 4058 904 4112 de
941 4059 1147 4112 othone
1187 4057 1284 4110 lib.
1315 4057 1444 4110 VIII
1475 4059 1570 4113 LS
1605 4058 1699 4127 (de
1736 4059 1944 4113 othone
1982 4077 2082 4114 om.
2118 4062 2185 4129 S)
