3259 5209
628 455 753 520 166
1316 457 1372 512 C.
1414 459 1646 513 SVETO
1657 460 1710 512 N
1713 460 1736 512 Ι
1772 460 2218 525 TRANQVILLI

635 619 732 683 bis
780 621 848 683 in
894 642 969 684 ea
1004 620 1266 706 regione
1312 619 1479 686 filias
1518 624 1706 687 enixa
1751 625 1852 706 sit,
1899 628 1964 687 et
2001 624 2486 708 qualiscumque
2523 629 2746 709 partus
2785 623 2933 688 sine

628 727 765 790 ullo
814 749 1001 791 sexus
1048 727 1411 793 discrimine
1450 729 1860 815 puerperium
1897 734 2178 812 uocetur,
2228 730 2397 813 quod
2438 729 2686 814 antiqui
2725 730 2926 794 etiam

555 850 589 898 4
629 833 874 916 puellas
921 855 1177 917 pueras‚
1233 835 1399 900 sicut
1454 839 1519 900 et
1574 857 1810 920 pueros
1864 837 2116 920 puellos
2164 835 2549 901 dictitarent.
2633 841 2810 902 extat
2857 841 2932 900 et

624 940 906 1026 Augusti
954 940 1247 1025 epistula,
1293 946 1441 1006 ante
1489 964 1732 1027 paucos
1779 965 1972 1026 quam
2021 943 2227 1007 obiret
2273 965 2524 1008 menses
2571 943 2648 1008 ad
2687 941 2930 1029 Agrip-

622 1047 843 1132 pinam
898 1053 1159 1131 neptem
1214 1048 1306 1112 ita
1362 1050 1603 1132 scripta
1650 1047 1727 1112 de
1775 1046 1931 1113 Gaio
1977 1046 2102 1113 ho'c
2141 1085 2224 1095 —-—
2262 1071 2470 1132 neque
2525 1050 2695 1114 enim
2753 1051 2930 1133 quis-

625 1177 817 1237 quam
866 1154 992 1219 iam
1042 1155 1206 1219 alius
1253 1155 1465 1219 infans
1513 1154 1772 1218 nomine
1818 1156 1957 1239 pari
2011 1159 2166 1219 tunc
2212 1160 2540 1240 supererat
2585 1181 2696 1220 —-:
2745 1179 2926 1240 pue-

622 1271 795 1325 rum·
846 1259 1110 1324 Gaium
1156 1260 1297 1325 XV.
1345 1261 1502 1326 Kal.
1552 1259 1709 1326 Iun.
1775 1263 1838 1326 si
1895 1261 2003 1325 dii
2057 1261 2351 1347 uolent,
2410 1267 2494 1326 ut
2556 1261 2928 1328 ducerent

623 1365 978 1431 Talarius
1039 1371 1112 1430 et
1167 1365 1537 1452 Asillius,
1604 1367 1772 1432 heri
1827 1390 1990 1432 cum
2054 1367 2150 1431 iis
2207 1369 2599 1433 constitui.
2694 1369 2924 1432 mitto

620 1478 1017 1558 praeterea
1054 1496 1216 1540 cum
1258 1495 1341 1538 eo
1382 1497 1470 1540 ex
1517 1475 1771 1539 seruis
1809 1475 1993 1538 meis
2031 1475 2430 1558 medicum,
2478 1497 2694 1560 quem
2734 1474 2925 1540 scri-

622 1581 742 1666 psi
800 1579 1249 1646 Germanico
1309 1581 1373 1644 si
1429 1581 1669 1645 uellet
1727 1586 1810 1644 ut
1873 1583 2264 1646 retineret.
2367 1582 2695 1665 ualebis,
2759 1605 2922 1646 mea

624 1687 1079 1772 Agrippina,
1134 1692 1208 1753 et
1265 1687 1480 1752 dabis
1536 1697 1848 1772 operam
1907 1692 1990 1751 ut
2043 1688 2312 1752 ualens
2367 1689 2785 1772 peruenias.
2833 1689 2924 1752 ad

550 1810 583 1858 5
627 1793 1153 1858 Germanicum
1210 1798 1438 1857 tuum.
1530 1793 1781 1857 abunde
1835 1816 2058 1878 parere
2115 1794 2394 1859 arbitror
2447 1816 2576 1858 non
2631 1797 2924 1880 potuisse

622 1901 712 1965 ibi
773 1901 949 1964 nasci
1008 1898 1265 1984 Gaium,
1329 1921 1458 1983 quo
1515 1923 1718 1983 prope
1783 1899 2067 1964 bimulus
2123 1900 2378 1966 demum
2435 1901 2782 1984 perductus
2841 1904 2920 1966 ab

621 2010 779 2072 urbe
837 2007 936 2073 sit.
1012 2007 1477 2072 uersiculorum
1532 2028 1788 2091 quoque
1843 2007 2036 2071 fidem
2085 2009 2304 2072 eadem
2351 2008 2510 2074 haec
2556 2011 2811 2074 eleuant
2858 2013 2924 2074 et

622 2137 695 2179 eo
744 2114 1025 2197 facilius,
1091 2114 1262 2198 quod
1322 2114 1368 2177 ii
1425 2115 1561 2178 sine
1608 2119 1870 2179 auctore
1925 2118 2092 2178 sunt.
2176 2115 2498 2198 sequenda
2552 2121 2650 2180 est
2703 2117 2921 2200 igitur,

622 2243 783 2304 quae
854 2222 991 2286 sola
1051 2220 1333 2305 [auctor]
1394 2224 1593 2284 restat
1655 2225 1718 2284 et
1785 2219 2030 2304 publici
2086 2222 2496 2286 instrumenti
2553 2222 2922 2306 auctoritas,

621 2329 995 2411 praesertim
1053 2349 1199 2391 cum
1258 2325 1453 2391 Graius
1509 2325 1780 2391 Antium
1848 2326 2148 2392 omnibus
2205 2350 2457 2414 semper
2509 2328 2673 2394 locis
2729 2333 2920 2413 atque

623 2433 977 2499 secessibus
1032 2433 1387 2518 praelatum
1444 2456 1573 2498 non
1622 2434 1812 2499 aliter
1857 2456 2050 2517 quam
2105 2437 2320 2499 natale
2366 2435 2574 2499 solum
2622 2435 2921 2500 dilexerit

623 2541 1040 2624 tradaturque
1095 2541 1288 2604 etiam
1344 2541 1559 2604 sedem
1606 2563 1680 2604 ac
1729 2541 2125 2605 domicilium
2173 2541 2430 2626 imperii
2475 2543 2689 2607 taedio
2738 2542 2920 2607 urbis

623 2648 968 2713 transferre
1014 2669 1088 2711 eo
1137 2647 1503 2713 destinasse.

549 2753 594 2818 9
804 2753 1132 2840 Caligulae
1179 2776 1537 2840 cognomen
1584 2755 1893 2818 castrensi
1931 2754 2073 2818 ioco
2112 2755 2329 2838 traxit,
2377 2757 2530 2839 quia
2565 2755 2920 2841 manipula-

621 2861 717 2925 rio
756 2860 983 2924 habitu
1022 2863 1190 2926 inter
1228 2861 1466 2926 milites
1504 2861 1912 2926 educabatur.
1979 2863 2148 2946 apud
2188 2885 2348 2945 quos
2389 2868 2702 2946 quantum
2741 2886 2922 2948 prae-

619 2972 794 3032 terea
840 2990 953 3052 per
998 2967 1165 3033 hanc
1221 2969 1762 3032 nutrimentorum
1819 2969 2348 3034 consuetudinem
2402 2991 2621 3036 amore
2669 2975 2732 3035 et
2778 2994 2920 3056 gra-

614 3074 713 3138 ‘tia
758 3075 1050 3157 uoluerit,
1098 3077 1373 3140 maxime
1413 3076 1746 3158 cognitum
1785 3079 1898 3158 est,
1945 3097 2090 3139 cum
2138 3082 2290 3159 post
2327 3098 2660 3142 excessum
2697 3077 2920 3163 Augu-

622 3193 776 3201 —-·——

765 3248 828 3295 21
872 3243 1026 3310 Epit.
1058 3246 1167 3308 3,2
1204 3240 1339 3310 quia
1376 3243 1544 3294 natus
1582 3241 1639 3293 in
1679 3242 1925 3295 exercitu
1963 3241 2174 3306 fuerat,
2223 3247 2658 3312 cognomentum
2705 3244 2923 3298 calcea--

620 3322 800 3375 menti
826 3321 1107 3386 militaris,
1145 3323 1205 3374 id
1235 3326 1321 3376 est
1340 3321 1650 3391 Caligulae,
1678 3323 1908 3375 sortitus
1938 3326 2036 3376 est.
2109 3325 2290 3378 Victor
2311 3325 2571 3389 Caes.3‚4
2601 3325 2737 3392 quia
2753 3327 2922 3378 natus

622 3401 680 3455 in
720 3402 963 3456 exercitu
1004 3434 1068 3441 —
1109 3403 1257 3455 unde
1296 3404 1726 3472 cognomentum
1767 3402 2146 3457 calceamento
2185 3403 2420 3456 militari
2458 3405 2819 3472 quaesiuerat
2853 3436 2922 3445 —

621 3481 937 3550 legionibus
978 3498 1136 3534 carus
1166 3484 1541 3550 acceptusque
1572 3481 1902 3536 habebatur.
1965 3484 2198 3552 Eutrop.
2231 3485 2353 3536 ῘἸΙ
2377 3488 2464 3548 12,
2486 3490 2515 3538 1
2549 3489 2922 3554 cognomento

623 3560 894 3631 Caligula.
938 3565 1144 3615 Auson.
1175 3567 1302 3623 264,
1325 3568 1355 3615 1
1396 3564 1523 3630 post
1560 3561 1708 3614 hunc
1758 3563 2027 3616 castrensi
2066 3563 2295 3634 Caligae
2347 3565 2678 3632 cognomine
2716 3564 2924 3619 Caesar

622 3642 891 3695 successit
927 3645 1016 3708 (cf.
1046 3647 1233 3710 257,4
1270 3641 1490 3708 Caesar,
1530 3659 1836 3710 cognomen
1879 3642 2108 3713 Caligae
2146 3645 2236 3698 cui
2275 3647 2460 3698 castra
2496 3644 2810 3714 dederunt).

766 3793 797 3838 2
837 3785 987 3852 quod
1035 3803 1202 3853 usque
1248 3785 1577 3838 dictitarent
1612 3787 1874 3854 glossema
1919 3793 2078 3853 putat
2117 3787 2293 3841 Pola-k
2340 3788 2656 3842 desidera-ns
2693 3787 2920 3841 dictita-

624 3866 767 3919 bant
804 3865 1025 3934 (·tarint
1063 3867 1126 3919 P.
1162 3866 1416 3932 Thomas)
1598 3873 1627 3918 6
1669 3865 1898 3918 iamiam
1929 3869 2003 3920 M
2178 3872 2209 3919 8
2251 3866 2474 3920 assilius
2512 3868 2567 3936 S,
2612 3867 2840 3922 asellius
2879 3871 2928 3920 ‘P

621 3947 714 4014 (cf.
752 3947 867 4000 Tib.
900 3949 991 4014 42)
1142 3950 1205 3997 10
1236 3953 1362 4013 post
1398 3944 1572 3999 uellet
1617 3947 1794 3999 nescio
1832 3947 1964 4013 quid
2002 3951 2137 4010 (octo
2173 3948 2286 4012 fere
2325 3949 2447 4014 litt.)
2486 3965 2702 4002 erasum
2739 3949 2801 4001 in
2835 3950 2922 4015 M,

622 4025 796 4098 <uti>
826 4026 1003 4094 suppl.
1038 4026 1270 4081 Casaub.
1437 4032 1499 4077 12
1541 4042 1810 4094 apparere
1842 4025 1980 4091 P²;·‚
2009 4031 2202 4096 patere
2229 4029 2277 4080 T
2414 4033 2477 4080 15
2515 4045 2628 4081 non
2666 4031 2798 4082 sunt
2836 4045 2923 4082 se-

622 4104 850 4175 quendi.
917 4105 1019 4158 Est
1054 4105 1229 4174 igitur
1252 4105 1303 4158 G
1450 4111 1513 4158 16
1555 4109 1750 4158 auctor
1789 4109 2036 4174 (auctore
2063 4108 2162 4162 ST
2163 4110 2182 4174 )
2220 4111 2396 4161 restat
2433 4110 2631 4176 (restat
2657 4109 2726 4178 S)
2765 4111 2823 4163 et
2851 4113 2922 4174 Ω,

626 4190 824 4240 auctor
849 4193 899 4240 et
928 4189 985 4239 et
1013 4187 1112 4238 del.
1144 4185 1461 4252 Scriverius,
1491 4189 1547 4239 et
1576 4192 1758 4239 tuetur
1790 4188 1927 4240 θνα.
1960 4186 2030 4254 (ei
2053 4205 2159 4256 pro
2189 4191 2246 4241 et
2274 4190 2587 4258 Heinsius);
2625 4204 2772 4256 quae
2801 4189 2924 4243 sola

621 4267 931 4320 auctoritas
968 4269 1148 4320 restat
1187 4267 1438 4330 Cosano,
1482 4281 1627 4334 quae
1669 4264 1790 4318 sola
1833 4269 2057 4319 auctore
2101 4270 2215 4320 stat
2253 4270 2340 4322 uel
2381 4286 2490 4337 quo
2529 4269 2647 4323 solo
2691 4271 2920 4324 auctore

620 4351 801 4400 stetur
838 4349 927 4401 uel
964 4363 1108 4414 quae
1148 4345 1267 4400 sola
1304 4351 1499 4400 auctor
1531 4349 1707 4400 restat
1745 4347 1866 4414 (del.
1897 4350 1973 4414 et)
2003 4347 2253 4418 Bentley,
2293 4353 2545 4402 actorum
2576 4366 2680 4418 pro
2725 4353 2922 4403 auctor

624 4429 935 4482 Beroaldus
972 4429 1162 4496 (uulq.)
1380 4433 1443 4478 21
1485 4425 1607 4479 ioco
1647 4447 1676 4492 ρ
1718 4428 2043 4496 (Boream),
2083 4427 2206 4481 loco
2245 4431 2297 4480 Ω.
2493 4430 2834 4498 manipulari
2867 4431 2918 4484 G

622 4509 895 4577 (Bentley)
1043 4513 1109 4560 22
1139 4509 1437 4575 propterea
1468 4508 1700 4560 Casaub.
1732 4509 1840 4574 (uel
1867 4510 2063 4576 postea
2095 4509 2361 4578 Bentley),
2395 4513 2618 4578 praeter
2645 4514 2765 4578 (om.
2797 4515 2920 4580 per)

621 4588 875 4654 Kraffert
