3259 5209
1071 441 1289 495 DIVVS
1326 440 1565 495 IVLIVS
1606 452 1738 502 [cn.
1771 452 1946 503 ἰε-π]
2573 442 2658 505 39

354 624 513 669 usus
560 603 997 668 dominatione
1052 608 1117 668 et
1172 604 1311 668 iure
1368 626 1585 668 caesus
1635 604 2056 669 existimetur.
2147 626 2278 669 non
2325 604 2492 669 enim
2541 604 2655 669 ho-

355 733 547 775 nores
608 711 798 775 modo
856 712 1094 775 nimios
1153 710 1421 794 recepit:
1488 712 1866 775 continuum
1938 710 2372 795 consulatum,
2437 732 2658 795 perpe-

358 823 536 882 tuam
596 816 983 881 dictaturam
1052 816 1648 902 praefecturamque
1719 840 1998 900 morum,
2069 819 2333 902 insuper
2390 840 2656 902 praeno-

360 946 505 989 men
571 922 1013 1008 Imperatoris,
1087 946 1446 1011 cognomen
1510 924 1722 990 Patris
1796 925 2068 1009 patriae,
2142 928 2421 989 statuam
2490 926 2660 989 inter

302 1052 329 1090 ⁶
360 1053 545 1117 reges
556 1082 572 1113 ,
638 1034 1015 1119 suggestum
1076 1031 1145 1094 in
1204 1030 1556 1117 orchestra3
1621 1032 1732 1095 sed
1791 1036 1856 1095 et
1916 1030 2234 1116 ampliora
2291 1032 2487 1097 etiam
2541 1030 2656 1095 hu-

358 1160 551 1203 mano
598 1139 860 1225 fastigio
908 1138 1161 1203 decerni
1206 1137 1331 1202 sibi
1379 1160 1606 1222 passus
1655 1143 1777 1203 est:
1825 1138 2040 1203 sedem
2077 1160 2334 1201 auream
2377 1140 2444 1201 in
2479 1139 2656 1203 curia

359 1249 425 1308 et
470 1266 588 1328 pro
636 1245 964 1328 tribunali,
1011 1250 1255 1309 tensam
1304 1250 1369 1309 et
1416 1245 1730 1310 ferculum
1779 1245 2044 1311 circensi
2094 1267 2348 1329 pompa,
2395 1244 2655 1329 templa,

359 1374 535 1432 aras,
607 1352 948 1417 simulacra
1012 1352 1193 1415 iuxta
1256 1352 1439 1435 deOS,
1514 1351 1847 1437 puluinar,
1921 1352 2279 1434 flaminem,
2340 1352 2656 1436 lupercOS‚

358 1458 855 1542 appellationem
912 1460 1149 1523 mensis
1207 1480 1240 1523 e
1288 1480 1405 1525 suo
1450 1458 1739 1544 nomine3
1801 1478 1874 1523 ac
1926 1458 2143 1523 nullos
2199 1480 2330 1523 non
2375 1458 2654 1523 bonores

276 1582 331 1624 m
360 1563 441 1628 ad
484 1563 817 1629 libidinem
866 1566 1039 1649 cepit
1083 1569 1149 1629 et
1195 1565 1387 1630 dedit.
1477 1566 1744 1631 tertium
1792 1572 1858 1632 et
1901 1570 2202 1650 quartum
2251 1567 2655 1632 consulatum

360 1671 555 1735 titulo
620 1676 805 1735 tenus
880 1672 1081 1758 gessit
1144 1672 1487 1738 contentus
1552 1672 1906 1737 dictaturae
1981 1677 2302 1758 potestate
2365 1674 2657 1737 decretae

362 1800 507 1843 cum
565 1778 1005 1843 consulatibus
1060 1779 1253 1844 simul
1308 1786 1501 1865 atque
1558 1786 1836 1864 utroque
1891 1802 2058 1845 anno
2115 1780 2306 1845 binos
2363 1778 2655 1843 consules

360 1885 701 1950 substituit
762 1885 888 1949 sibi
949 1885 1017 1949 in
1076 1890 1299 1951 ternos
1357 1886 1750 1951 nouissimos
1811 1908 2093 1969 mense8‚
2161 1886 2254 1950 ita
2313 1890 2386 1949 ut
2447 1885 2655 1949 medio

361 1998 651 2077 tempore
711 1993 975 2057 comitia
1028 1992 1205 2056 nulla
1258 1991 1557 2058 habuerit
1614 1998 1870 2077 praeter
1923 1992 2332 2057 tribunorum
2381 1996 2446 2057 et
2491 1992 2658 2055 aedi-

280 2114 333 2156 15
360 2099 519 2163 lium
586 2099 793 2183 plebis
851 2100 1339 2184 praefectosque
1398 2122 1515 2184 pro
1581 2099 1994 2184 praetoribus
2055 2100 2484 2182 constituerit,
2545 2098 2657 2183 qui

360 2212 623 2290 apsente
681 2228 747 2271 se
801 2228 903 2270 res
962 2206 1238 2270 urbanas
1288 2207 1828 2272 administrarent.
1911 2206 2116 2291 pridie
2165 2212 2377 2271 autem
2427 2206 2659 2271 Kalen-

362 2314 473 2377 das
526 2311 855 2377 Ianuarias
919 2313 1255 2396 repentina
1320 2313 1602 2378 consulis
1665 2318 1870 2377 morte
1931 2318 2284 2378 cessantem
2344 2312 2655 2379 honorem

364 2421 427 2483 in
484 2440 717 2503 paucas
772 2419 965 2484 horas
1021 2420 1269 2504 petenti
1326 2420 1515 2485 dedit.
1598 2421 1817 2485 eadem
1873 2420 2136 2485 licentia
2179 2424 2398 2503 spreto
2445 2421 2655 2504 patrio

362 2548 541 2591 more
585 2526 1003 2612 magistratus
1056 2528 1125 2591 in
1170 2526 1375 2611 pluris
1430 2547 1631 2591 annos
1679 2527 2029 2611 ordinauit,
2077 2527 2292 2591 decem
2339 2528 2656 2611 praetoris

276 2648 333 2689 ²⁰
364 2634 520 2697 uiris
576 2632 940 2698 consularia
992 2638 1365 2698 ornamenta
1420 2634 1678 2717 tribuit,
1734 2635 1996 2699 ciuitate
2043 2634 2312 2699 donatos
2360 2638 2424 2697 et
2469 2656 2656 2718 quos-

363 2740 509 2803 dam
565 2762 601 2803 e
656 2738 1108 2803 semibarbaris
1168 2738 1502 2805 Gallorum
1564 2742 1808 2824 recepit
1861 2740 1926 2803 in
1975 2741 2236 2805 curiam.
2326 2746 2655 2823 praeterea

362 2850 655 2910 monetae
700 2845 1103 2930 publicisque
1140 2846 1569 2931 uectigalibus
1608 2846 1962 2930 peculiares
2003 2868 2224 2911 seruos
2263 2847 2652 2929 praeposuit.

362 2953 559 3016 trium
604 2952 953 3038 legionum,
1000 2973 1157 3034 quas
1203 2950 1641 3016 Alexandreae
1687 2952 2118 3037 relinquebat,
2164 2974 2379 3016 curam
2429 2958 2492 3015 et
2539 2952 2654 3015 im—

2695 1582 2726 1627 2

364 3060 611 3143 perium
659 3058 921 3124 Rufioni
968 3058 1185 3123 liberti
1232 3058 1331 3121 sui
1378 3058 1513 3122 filio
1561 3058 1814 3123 exoleto
1867 3081 1984 3124 suo
2031 3058 2456 3124 demandauit.
2537 3054 2755 3125 nec77

276 3180 335 3221 ’ὁ
365 3166 629 3231 minoris
666 3164 1061 3249 inpotentiae
1096 3186 1288 3229 uoces
1324 3164 1656 3249 propalam
1690 3165 1936 3249 edebat,
1972 3171 2048 3230 ut
2073 3166 2257 3231 Titus
2285 3164 2653 3251 Amp[1·]ius

362 3273 615 3337 scribit:
662 3272 863 3337 nibil
908 3292 1073 3337 esse
1118 3294 1271 3336 rem
1320 3272 1739 3356 publicam,
1787 3272 2384 3357 appellationem
2437 3272 2653 3337 modo

362 3380 527 3443 sine
574 3400 891 3463 corpore
937 3400 1019 3442 ac
1065 3379 1334 3463 specie.
1419 3376 1714 3443 Sullam
1752 3379 2094 3444 nescisse
2139 3379 2477 3464 litteras,
2525 3380 2653 3463 qui

510 3580 555 3625 1.
580 3578 645 3626 18
675 3574 733 3625 et
761 3590 812 3641 p.
834 3578 921 3637 40,
942 3578 975 3624 8
1012 3575 1078 3639 cs.
1119 3573 1355 3640 Eutrop.
1390 3573 1475 3625 VI
1494 3578 1567 3625 25
1607 3588 1774 3641 agere
1803 3572 2134 3626 insolentius
2164 3572 2349 3641 coepit
2378 3576 2434 3626 et
2463 3576 2656 3626 contra

363 3652 825 3706 consuetudinem
860 3652 1149 3705 Romanae
1185 3652 1481 3705 libertatis
1540 3669 1666 3705 cum
1707 3670 1840 3722 ergo
1869 3657 1927 3706 et
1954 3653 2190 3706 honores
2222 3670 2286 3706 ex
2317 3670 2418 3705 sua
2457 3653 2652 3705 uolun-

362 3736 483 3787 tate
519 3734 835 3802 praestaret
864 3775 876 3786 .
900 3774 911 3786 .
936 3776 947 3786 .
978 3748 1083 3786 nec
1120 3734 1343 3786 senatui
1380 3732 1453 3786 ad
1493 3750 1549 3785 se
1586 3732 1840 3785 uenienti
1869 3733 2198 3802 adsurgeret
2235 3732 2460 3801 aliaque
2498 3734 2656 3802 regia.

363 3830 429 3866 ac
466 3828 647 3883 paene
684 3812 981 3881 tyrannica
1018 3812 1229 3867 faceret
1265 3830 1365 3881 eqs.
1407 3816 1480 3881 (u.
1511 3814 1587 3867 ad
1620 3830 1676 3882 p.
1708 3817 1792 3879 41,
1813 3816 2031 3881 29sqc1.)

508 4008 536 4053 1
577 4016 775 4053 census
802 4004 860 4066 T,
890 4017 1025 4053 corr.
1048 3998 1119 4069 ρ’
1238 4006 1269 4051 5
1306 4002 1665 4067 suggestrum
1693 4004 1738 4052 Τ
1764 4017 1916 4052 «em-r.
1945 4000 2052 4069 (P),
2083 4000 2278 4052 -stium
2311 4002 2362 4055 V
2465 4005 2492 4051 7
2527 3999 2654 4052 feri-

364 4080 549 4133 culum
575 4080 691 4135 GT
813 4086 843 4133 9
882 4096 995 4133 nou
1032 4079 1217 4133 nullos
1246 4078 1409 4146 T'()²,
1448 4097 1557 4132 non
1596 4080 1780 4132 nullos
1809 4096 1920 4132 non
1943 4080 2036 4145 1²¹,
2073 4080 2256 4132 nullos
2290 4080 2364 4131 1²*
2503 4086 2566 4131 12
2597 4078 2656 4131 in

362 4163 600 4229 utroque
630 4160 855 4215 POST
996 4166 1061 4213 15
1100 4162 1430 4229 quiapsente
1465 4164 1536 4215 M
1570 4163 1669 4229 (sic
1705 4178 1771 4213 m.
1808 4167 1834 4213 1
1875 4167 1936 4213 ut
1973 4162 2137 4229 uid),
2186 4160 2319 4228 quia
2357 4162 2553 4228 psente
2588 4160 2653 4222 G,

362 4242 462 4309 qui
508 4244 705 4310 psente
752 4240 951 4305 X'Ta,
1007 4258 1142 4294 corr.
1190 4243 1341 4294 Torr.
1509 4246 1572 4292 19
1610 4240 1849 4309 pretor-is
1893 4242 2024 4293 MV
2055 4249 2100 4306 (s
2143 4243 2196 4293 in
2243 4242 2313 4293 ,ἸΙ
2345 4245 2656 4306 expuncta),

364 4320 460 4373 -iis
498 4324 589 4375 rel.
750 4326 819 4372 24
856 4321 1068 4373 rusioni
1115 4324 1181 4388 T,
1232 4320 1397 4373 rufini
1439 4323 1510 4374 M
1543 4321 1732 4388 (Roth)
1886 4320 2132 4373 exsoleto
2165 4322 2232 4373 M
2249 4322 2360 4388 GQ
2397 4321 2475 4387 (in
2520 4321 2570 4371 (ι’
2609 4320 2655 4372 ti

362 4417 535 4469 supra
570 4402 861 4455 secundam
900 4416 931 4455 e
966 4417 1065 4455 scr.
1106 4418 1174 4456 m.
1206 4406 1266 4466 1,
1312 4402 1438 4454 item
1478 4402 1534 4453 in.
1573 4405 1627 4471 9)
1775 4407 1842 4453 25
1883 4401 2129 4468 amprius
2167 4400 2362 4468 (-plius
2405 4401 2535 4469 QT)
2578 4402 2656 4460 Ω,

360 4498 497 4535 corr.
532 4482 787 4535 Pulman.
826 4482 978 4535 Torr.
1008 4484 1123 4550 (⁴3?)
1268 4487 1333 4534 27
1376 4480 1617 4549 speciem
1648 4481 1954 4535 Salmasius
1983 4484 2068 4548 (ac
2108 4480 2227 4533 sine
2266 4496 2494 4548 corpore
2533 4496 2650 4547 spe-

364 4562 505 4614 ciem
550 4562 839 4630 Graevius)
