3259 5209
607 397 685 461 18
1310 398 1364 451 G.
1406 398 1719 451 SVETONI
1755 398 2200 463 TRANQVILLI

603 561 748 623 dere
795 561 1273 625 contionantem
1322 584 1514 644 quam
1562 562 1801 645 audire,
1850 584 1966 645 pro
2011 562 2181 626 dicto
2223 564 2487 646 accepit,
2536 563 2706 645 quod
2755 564 2906 626 uisu

604 667 1072 751 suspicabatur3
1128 668 1645 751 promissumque
1702 670 1799 731 ius
1847 668 2184 732 anulorum
2247 690 2389 732 cum
2439 670 2702 732 milibus
2749 690 2904 751 qua-

602 774 927 859 dringenis
974 775 1145 837 fama
1192 775 1459 838 distulit.

494 878 589 943 34
786 880 958 944 Ordo
1006 886 1072 944 et
1118 903 1370 945 summa
1414 902 1657 966 rerum,
1715 904 1871 963 quas
1920 882 2218 964 deinceps
2264 882 2490 965 gessit,
2539 882 2632 944 sic
2679 902 2744 943 se
2791 882 2904 945 ha—

601 988 767 1051 bent.
862 987 1168 1051 Picenum
1230 988 1566 1051 Vmbriam
1626 987 1951 1051 Etruriam
2011 988 2352 1070 occupauit
2406 993 2469 1051 et
2525 988 2724 1051 Lucio
2774 987 2902 1050 Do·
2963 1018 2992 1053 ,-.

602 1094 814 1175 mitio,
872 1096 984 1177 qui
1044 1117 1157 1179 per
1214 1095 1561 1158 tumultum
1628 1115 1957 1158 successor
2011 1095 2065 1156 ei
2125 1096 2495 1157 nominatus
2545 1092 2898 1157 Corfinium

600 1202 921 1283 praesidio
978 1202 1261 1284 tenebat,
1319 1203 1383 1264 in
1442 1202 1758 1265 dicionem
1817 1201 2074 1265 redacto
2125 1206 2316 1283 atque
2365 1201 2631 1264 dimisso
2680 1222 2898 1264 secun-

602 1308 753 1371 dum
804 1306 1121 1392 Superum
1168 1331 1342 1372 mare
1388 1308 1805 1372 Brundisium
1853 1308 2147 1390 tetendit,
2195 1330 2322 1389 quo
2373 1306 2666 1370 consules
2715 1306 2902 1371 Pom-

531 1430 561 1475 2
601 1414 910 1497 peiusque
960 1416 1382 1499 confugerant
1435 1438 1626 1497 quam
1683 1414 1965 1498 primum
2023 1415 2510 1477 transfretaturi.
2604 1412 2722 1476 hos
2769 1414 2902 1476 fru-

602 1525 731 1583 stra
785 1544 900 1605 per
960 1523 1167 1585 omnis
1225 1544 1436 1586 moras
1494 1522 1672 1584 exitu
1726 1519 2068 1604 prohibere
2125 1526 2389 1584 conatus
2447 1520 2714 1584 Romam
2778 1520 2990 1587 iterio

602 1630 921 1691 conuertit
986 1628 1448 1711 appellatisque
1515 1627 1592 1691 de
1655 1650 1724 1689 re
1792 1626 2051 1710 publica
2115 1626 2405 1710 patribus
2471 1625 2901 1690 ualidissimas

602 1733 868 1816 Pompei
930 1734 1179 1817 copias,
1255 1756 1415 1817 quae
1478 1734 1596 1797 sub
1674 1733 1881 1797 tribus
1944 1734 2174 1817 legatis
2241 1732 2323 1795 M.
2380 1732 2636 1795 Petreio
2701 1739 2766 1796 et
2830 1733 2899 1795 L.
2971 1796 2978 1802 ,

602 1839 872 1902 Afranio
922 1844 985 1903 et
1030 1838 1114 1903 M.
1155 1839 1449 1904 Varrone
1504 1842 1571 1903 in
1618 1839 1936 1923 Hispania
1990 1844 2197 1921 erant,
2253 1840 2516 1921 inuasit,
2571 1840 2900 1922 professus

602 1952 749 2009 ante
798 1946 965 2009 inter
1012 1969 1189 2010 suos:
1248 1947 1358 2010 ire
1417 1968 1493 2009 se
1548 1946 1637 2009 ad
1685 1946 2104 2009 exercitum
2156 1946 2317 2009 sine
2366 1946 2550 2009 duce
2605 1950 2678 2010 et
2727 1948 2900 2009 inde

600 2074 1087 2117 reuersurum
1136 2054 1221 2117 ad
1271 2054 1529 2117 ducem
1578 2053 1742 2116 sine
1790 2053 2148 2115 exercitu.
2225 2057 2287 2115 et
2328 2074 2690 2135 quanquam
2734 2052 2984 2119 obsi-15

601 2158 791 2221 dione
848 2159 1196 2251 Massiliae,
1252 2182 1413 2242 quae
1471 2160 1595 2223 sibi
1654 2161 1714 2221 in
1777 2160 2004 2222 itinere
2057 2163 2276 2241 portas
2335 2161 2676 2241 clauserat,
2733 2182 2902 2221 sum-

604 2288 833 2348 maque
890 2265 1343 2329 frumentariae
1400 2267 1489 2329 rei
1539 2266 1808 2349 penuria
1861 2265 2220 2328 retardante
2269 2265 2450 2327 breui
2505 2270 2718 2329 tamen
2767 2287 2898 2328 om-

495 2365 587 2431 35
606 2372 713 2434 nia
761 2372 1031 2454 subegit.
1123 2372 1275 2436 hinc
1322 2372 1477 2435 urbe
1534 2371 1804 2455 repetita
1861 2371 1927 2435 in
1974 2370 2410 2435 Macedoniam
2461 2376 2899 2455 transgressus

602 2477 1013 2561 Pompeium,
1078 2501 1193 2561 per
1258 2483 1560 2561 quattuor
1628 2500 1827 2560 paene
1895 2499 2141 2540 menses
2209 2478 2506 2541 maximis
2568 2477 2900 2541 obsessum

603 2585 931 2668 operibuS,
978 2585 1052 2648 ad
1104 2590 1458 2649 extremum
1507 2584 1876 2648 Pharsalico
1925 2584 2170 2667 proelio
2218 2584 2386 2647 fudit
2435 2589 2498 2647 et
2545 2583 2896 2669 fugientem
2931 2614 2984 2651 20

606 2690 1060 2755 Alexandriam
1106 2696 1507 2775 persecutus,
1554 2696 1625 2754 ut
1675 2690 1954 2754 occisum
2003 2689 2448 2774 deprehendit,
2496 2712 2640 2755 cum
2689 2690 2898 2754 Ptole-

604 2820 783 2861 maeo
832 2821 1011 2884 rege,
1058 2822 1095 2861 a
1141 2820 1268 2880 quo
1318 2798 1443 2861 sibi
1492 2819 1748 2879 quoque
1795 2797 2058 2859 insidias
2107 2797 2280 2860 tendi
2328 2796 2605 2879 uidebat,
2657 2796 2898 2860 bellum

602 2926 755 2967 sane
808 2905 1263 2969 difficillimum
1323 2904 1549 2989 gessit,
1608 2925 1817 2986 neque
1874 2904 2014 2967 loco
2072 2924 2277 2985 neque
2333 2908 2621 2987 tempore
2677 2926 2900 2986 aequ0‚

602 3013 712 3074 sed
762 3012 971 3075 hieme
1029 3013 1179 3075 anni
1236 3016 1299 3074 et
1346 3011 1513 3073 intra
1568 3010 1823 3072 moenia
1875 3010 2301 3091 copiosissimi
2351 3032 2423 3072 ac
2471 3010 2896 3073 sollertissimi

603 3118 835 3199 hostiS,
894 3120 1076 3201 inops
1137 3120 1271 3201 ipse
1328 3116 1615 3181 omnium
1672 3138 1879 3179 rerum
1942 3121 2132 3197 atque
2192 3117 2533 3199 inparatus.
2627 3138 2896 3201 regnum
2929 3146 2980 3183 ει

601 3224 887 3310 Aegypti
927 3226 1135 3287 uictor
1175 3226 1548 3306 Cleopatrae
1595 3223 1904 3304 fratrique
1945 3224 2080 3285 eius
2121 3222 2355 3285 minori
2399 3224 2695 3306 permisit
2740 3224 2897 3285 ueri-

600 3337 707 3392 tus
756 3330 1153 3413 prouinciam
1202 3331 1436 3410 facere,
1491 3352 1570 3391 ne
1619 3329 1999 3411 quandoque
2048 3331 2492 3392 uiolentiorem
2543 3330 2894 3413 praesidem

750 3537 814 3585 10
854 3532 1209 3598 Eutr(›1›‚l’I
1239 3535 1391 3597 20,1
1451 3530 1646 3582 urbem
1704 3528 1987 3597 ingressus
2046 3530 2382 3583 dictatorem
2439 3547 2496 3582 se
2549 3530 2700 3583 fecit.
2767 3530 2899 3583 inde

600 3611 907 3679 Hispanias
948 3610 1128 3679 petiit.
1196 3610 1277 3662 ibi
1306 3610 1536 3679 Pompei
1574 3611 1850 3664 exercitus
1890 3610 2267 3662 ualidissimos
2307 3614 2362 3663 et
2401 3610 2733 3663 fortissimos
2773 3628 2896 3662 cum

600 3691 784 3743 tribus
823 3690 1086 3757 ducibus,
1126 3690 1183 3743 L.
1215 3690 1448 3744 Afranio
1488 3690 1560 3744 M.
1592 3691 1814 3744 Petreio
1854 3690 1925 3742 M.
1949 3690 2224 3755 Varrone,
2263 3692 2567 3758 superauit.
2719 3696 2783 3743 18
2821 3689 2897 3741 id.

617 3773 699 3823 1'1
722 3778 812 3837 20,
835 3776 868 3823 3
906 3770 1038 3823 inde
1077 3787 1359 3838 regressus
1398 3775 1674 3837 (reuersus
1705 3788 1841 3838 pars
1870 3771 2044 3823 codd}
2084 3772 2140 3821 in
2181 3771 2470 3823 Graeciam
2509 3770 2760 3835 transiit,
2802 3770 2898 3821 ad-

600 3868 825 3903 uersum
868 3851 1192 3919 Pompeium
1230 3851 1539 3903 dimicauit.
1689 3858 1755 3903 20
1809 3852 1878 3903 id.
1923 3852 2000 3902 ΓΙ
2037 3856 2127 3914 21,
2157 3856 2194 3902 2
2241 3852 2533 3918 uictusque
2575 3851 2648 3902 ad
2685 3854 2898 3919 postre—

602 3948 755 3983 mum
794 3930 1092 4000 Pompeius
1125 3974 1134 3984 .
1168 3974 1179 3985 .
1214 3974 1224 3985 .
1256 3930 1487 3999 fugatus
1528 3932 1928 3983 Alexandriam
1967 3932 2134 3998 petiit
2173 3948 2274 3997 (ηε.
2423 3937 2488 3983 22
2531 3931 2602 3983 id.
2647 3932 2732 3983 VI
2753 3935 2844 3991 22,
2871 3936 2898 3983 1

600 4012 713 4081 ipsi
752 4028 974 4080 quoque
1013 4011 1366 4065 Ptolemaeus
1406 4028 1603 4079 parare
1644 4010 1826 4064 uoluit
1863 4010 2098 4063 insidias
2137 4028 2236 4077 eqs.

749 4208 773 4251 1
816 4216 985 4265 quam
1031 4216 1131 4252 om.
1176 4200 1269 4252 M¹
1433 4204 1463 4250 2
1513 4197 1878 4266 quadrigenis
1921 4198 2266 4255 M¹1⁷·,1·eete
2315 4198 2410 4261 L),
2469 4197 2898 4266 quadringentis

602 4282 729 4345 Ga,
786 4280 1163 4347 quadragenis
1208 4279 1493 4333 ΜΞΓῬΟ
1538 4281 1616 4345 (in
1665 4279 1732 4330 M
1774 4284 2049 4344 praeterea
2089 4295 2156 4331 ss.
2201 4296 2264 4330 m.
2295 4282 2332 4329 2
2369 4276 2399 4329 r
2447 4277 2897 4347 quadringentis)

601 4366 633 4412 7
684 4360 896 4412 ditione
954 4360 1025 4429 Q,
1089 4358 1431 4412 deditionem
1481 4359 1665 4411 GHR
1718 4359 1909 4427 (antiq.)
2081 4364 2142 4409 11
2183 4358 2438 4425 patribus
2484 4358 2616 4427 (c.)
2666 4358 2899 4426 Bentley

604 4447 671 4493 16
711 4455 926 4491 summa
970 4440 1015 4507 Q
1172 4445 1233 4492 17
1275 4439 1595 4491 retardatus
1636 4440 1866 4507 Bnetlcy
2027 4444 2092 4488 :20
2133 4443 2185 4490 et
2227 4438 2536 4505 fugientem
2576 4438 2722 4502 YT9,
2761 4436 2900 4490 effu-

598 4520 851 4586 gientem
883 4518 1101 4572 MGX‘
1144 4517 1261 4587 (eff—
1302 4536 1436 4572 corr.
1467 4536 1533 4571 ac
1572 4522 1627 4570 et
1665 4519 1708 4569 f·
1753 4526 1809 4571 ut
1853 4519 1962 4569 nid.
1995 4518 2063 4578 S)
2210 4524 2273 4570 27
2316 4518 2684 4571 ualentiorem
2725 4518 2900 4571 Polak
