3259 5209
625 418 759 482 274
1331 418 1387 473 C.
1427 417 1744 474 SVE'I'ONI
1780 417 2226 484 TRANQVILLI

627 603 753 666 que
805 585 881 648 ut
927 582 1316 660 obscaenum
1369 586 1693 646 ostentum
1744 581 2264 664 abhorrentibus,
2324 580 2503 646 solus
2550 603 2669 666 pro
2722 581 2943 646 laetis·

628 691 794 758 simo
843 689 1093 774 accepit
1135 710 1380 763 memor
1426 689 1725 754 sacrificii
1772 689 2062 773 dictique
2108 689 2233 754 aui.

808 795 1078 881 Sumpta
1137 795 1313 861 uirili
1371 801 1527 882 toga
1571 795 1920 861 somniauit
1966 795 2325 860 Fortunam.
2370 795 2709 879 dicentem,
2769 799 2947 859 stare

629 925 698 968 se
745 909 892 971 ante
935 905 1107 969 fores
1163 903 1477 969 defessam
1540 907 1605 967 et
1664 902 1791 967 nisi
1848 903 2028 968 ocius
2083 903 2499 987 reciperetur,
2558 903 2947 986 cuicumque

629 1011 823 1086 obuio
863 1011 1131 1095 praedae
1177 1011 1480 1075 futuram.
1561 1014 1763 1094 utque
1800 1010 2159 1096 euigilauit,
2206 1014 2429 1094 aperto
2467 1009 2633 1073 atrio
2682 1008 2947 1073 simula-
3008 1032 3037 1073 s

629 1140 806 1183 crum
863 1139 1127 1183 aeneum
1178 1117 1330 1182 deae
1385 1116 1653 1182 cubitali
1709 1117 1916 1181 maius
1964 1118 2146 1182 iuxta
2197 1115 2395 1180 limen
2450 1115 2703 1180 inuenit
2746 1115 2949 1199 idque

630 1225 873 1310 gremio
920 1246 1035 1288 suo
1075 1223 1444 1306 Tusculum,
1489 1222 1602 1287 ubi
1648 1223 1964 1288 aestiuare
2010 1226 2450 1306 consueuerat,
2496 1223 2716 1287 auexit
2760 1224 2826 1286 et
2872 1222 2947 1285 in

629 1335 811 1415 parte
857 1331 1108 1396 aedium
1150 1333 1587 1395 consecratum
1625 1331 1973 1394 menstruis
2012 1329 2314 1414 deinceps
2354 1328 2949 1414 supplicationibus

631 1441 695 1501 et
739 1436 1082 1523 peruigilio
1131 1437 1564 1502 anniuersario
1613 1436 1831 1502 coluit.

809 1543 1187 1628 Quanquam
1235 1547 1448 1608 autem
1497 1543 1779 1608 nondum
1823 1548 2033 1607 aetate
2081 1544 2403 1608 constanti
2452 1547 2737 1607 ueterem
2786 1542 2945 1605 ciui·
2979 1567 3035 1606 ιο

629 1651 784 1714 tatis
833 1650 1283 1734 exoletumque
1329 1672 1572 1714 morem
1619 1671 1695 1713 ac
1738 1653 1992 1714 tantum
2050 1651 2117 1713 in
2166 1650 2357 1714 domo
2412 1671 2527 1716 sua
2572 1649 2947 1712 haerentem

631 1755 1132 1822 obstinatissime
1177 1755 1471 1838 retinuit,
1526 1760 1599 1821 ut
1645 1756 1865 1820 liberti
1912 1756 2209 1840 seruique
2264 1756 2365 1820 bis
2412 1756 2516 1820 die
2570 1757 2941 1839 hequentes

631 1863 932 1928 adessent
973 1885 1046 1928 ac
1082 1885 1267 1927 mane
1313 1865 1576 1948 saluere,
1620 1864 1879 1947 uesperi
1914 1865 2134 1928 ualere
2184 1863 2309 1927 sibi
2358 1862 2597 1948 singuli
2637 1863 2942 1929 dicerent.

563 1971 604 2035 5
637 1969 805 2034 inter
849 1969 1142 2034 liberales
1190 1969 1566 2054 disciplinas
1623 1970 1900 2034 attendit
1946 1975 2011 2034 et
2058 1971 2199 2034 iuri.
2283 1969 2459 2034 dedit
2507 1973 2573 2033 et
2616 1971 2949 2040 matrimo-

565 3464 609 3528 6

629 2076 739 2140 nio
802 2099 1086 2162 operam3
1147 2098 1370 2141 uerum
1433 2078 1665 2141 amissa
1722 2098 1921 2141 uxore
1986 2076 2227 2160 Lepida
2287 2076 2666 2160 duobusque
2726 2098 2806 2140 ex
2866 2097 2943 2139 ea
2976 2099 3027 2140 ιε

631 2182 780 2248 filiis
837 2184 1146 2246 remansit
1206 2185 1277 2247 in
1335 2182 1653 2247 caelibatu
1715 2205 1921 2267 neque
1978 2182 2313 2248 sollicitari
2373 2183 2509 2248 ulla
2568 2183 2947 2249 condicione

633 2289 910 2374 amplius
956 2289 1188 2373 potuit,
1245 2312 1324 2354 ne
1361 2288 1761 2374 Agrippinae
1809 2289 2083 2374 quidem,
2130 2289 2379 2374 (quae)
2425 2290 2691 2354 uiduata
2736 2295 2944 2354 morte

633 2395 962 2480 Domiti[i]
1023 2396 1324 2460 maritum
1386 2418 1641 2481 quoque
1702 2397 1911 2461 adhuc
1969 2397 2236 2460 necdum
2299 2396 2607 2461 caelibem
2670 2394 2943 2460 Galbam

633 2504 789 2567 adeo
839 2502 1136 2567 omnibus
1191 2503 1656 2568 sollicitauerat
1703 2503 1937 2586 modis,
1998 2507 2071 2568 ut
2128 2503 2198 2566 in
2252 2507 2578 2569 conuentu
2624 2507 2941 2567 matrona-

631 2632 774 2674 rum
821 2613 1114 2693 correpta
1174 2609 1383 2694 iurgio
1439 2615 1632 2694 atque
1692 2608 1884 2674 etiam
1944 2632 2137 2674 manu
2198 2609 2455 2693 pulsata
2516 2609 2601 2674 sit
2653 2633 2690 2672 a
2737 2613 2940 2673 matre
2968 2632 3024 2671 so

635 2717 928 2800 Lepidae.

765 2841 770 2844 ·
814 2822 1201 2888 Obseruauit
1247 2829 1394 2887 ante
1441 2823 1650 2888 omnis
1689 2823 1940 2888 Liuiam
1980 2825 2366 2908 Augustam,
2414 2824 2597 2888 cuius
2644 2827 2708 2888 et
2752 2825 2941 2889 uiuae

635 2931 842 3016 gratia
886 2929 1233 3014 plurimum
1283 2929 1488 2994 ualuit
1543 2935 1608 2993 et
1661 2935 1953 2994 mortuae
2009 2933 2395 2994 testamento
2451 2952 2655 3014 paene
2701 2930 2939 2994 ditatus

634 3043 757 3122 est3
796 3038 1156 3102 sestertium
1197 3057 1472 3119 namque
1513 3037 1917 3121 quingenties
1947 3037 2359 3121 praecipuum
2400 3037 2569 3100 inter
2594 3037 2939 3122 legatarios

634 3145 888 3228 habuit,
950 3144 1059 3208 sed
1107 3144 1257 3227 quia
1304 3146 1549 3226 notata,
1605 3165 1739 3206 non
1793 3145 2145 3226 perscripta
2192 3146 2327 3207 erat
2374 3165 2654 3228 summa,
2708 3142 2937 3207 herede
2966 3164 3015 3204 πε

634 3251 892 3315 Tiberio
961 3254 1248 3336 legatum
1309 3250 1386 3312 ad
1458 3252 1813 3335 quingenta
1880 3256 2250 3334 reuocante,
2315 3272 2395 3314 ne
2459 3251 2619 3315 haec
2683 3249 2937 3333 quidem

636 3359 898 3441 accepit.

818 3463 1190 3526 Honoribus
1252 3466 1400 3525 ante
1467 3463 1828 3549 legitimum
1901 3469 2153 3547 tempus
2215 3464 2391 3529 initis
2453 3467 2715 3548 praetor
2772 3485 2939 3530 oom-

636 3569 938 3633 missione
984 3568 1282 3632 ludorum
1321 3568 1671 3634 Floralium
1717 3593 1959 3634 nouum
2008 3570 2357 3653 spectaculi
2394 3592 2595 3656 genus
2644 3571 2938 3654 elephan-

637 3679 738 3739 tos
784 3674 1191 3738 funambulos
1239 3675 1464 3762 edidit3
1523 3677 1691 3741 exim
1738 3676 2111 3761 prouinciae
2158 3676 2545 3762 Aquitaniae
2594 3700 2760 3743 anno
2808 3678 2935 3742 fere
2962 3697 3013 3737 ω

785 3821 810 3867 1
850 3817 1171 3882 portentum
1201 3817 1347 3884 (pro-
1385 3817 1455 3885 Τ)
1490 3817 1624 3882 ΘΤρ
1768 3821 1797 3869 ’1
1837 3820 2135 3870 consuerat
2166 3817 2469 3888 M’GLSQ
2600 3823 2633 3870 8
2673 3817 2937 3888 (prima)

637 3897 796 3963 parte
827 3896 1155 3949 Bois-sesain
1303 3902 1367 3948 10
1407 3899 1594 3950 autem
1623 3914 1724 3950 om.
1756 3897 1874 3956 11¹5
1904 3915 2045 3966 pars
2072 3897 2190 3951 edd.
2232 3900 2354 3966 (aut
2380 3915 2449 3952 ss.
2482 3897 2585 3967 11¹)
2735 3904 2795 3950 11
2838 3913 2937 3950 sua

637 3975 801 4028 domo
836 3975 886 4028 G
999 3981 1062 4028 16
1103 3975 1346 4044 amplius
1386 3977 1708 4030 conditione
1743 3977 1794 4030 G
1916 3982 1978 4030 1‘1
2020 3979 2115 4048 ne]
2153 3984 2288 4046 neq:
2322 3979 2396 4032 M
2506 3993 2649 4046 quae
2686 3979 2773 4030 hie
2809 3977 2935 4032 add.

640 4066 705 4118 G.
730 4064 950 4130 Becker,
981 4072 1108 4134 post
1143 4064 1379 4118 Domitii
1415 4067 1614 4120 habe-nt
1646 4066 1830 4136 1191st
1861 4067 2057 4137 (uuly.)
2216 4054 2456 4120 uiduata
2486 4067 2631 4132 ΜΘ,
2670 4065 2937 4120 uiduatae

636 4146 746 4213 (uel
772 4147 875 4213 -te)
913 4146 1007 4200 rel.
1049 4147 1262 4215 (uum),
1300 4145 1538 4199 uiduata
1577 4148 1687 4215 (uel
1721 4145 1917 4212 uidua)
1948 4145 2100 4218 (ea)
2140 4148 2374 4217 Bentley
2559 4152 2622 4200 18
2661 4146 2869 4200 nedum
2907 4163 2937 4205 ς

638 4225 824 4294 (oud.)
1021 4225 1262 4278 necdum
1299 4225 1571 4280 caelibem
1606 4227 1872 4297 ylossema
1902 4234 2069 4295 putat
2105 4229 2256 4281 Tor-r.
2460 4233 2528 4280 24
2566 4226 2939 4295 quinquagies

642 4305 873 4358 (Jasaub,
1040 4321 1164 4358 cum
1199 4312 1321 4373 post
1355 4306 1714 4376 quingenties
1752 4308 1880 4360 add.
1918 4305 1985 4358 Τ
2019 4308 2212 4378 (uulq.)
2378 4313 2445 4361 25
2483 4306 2689 4360 habuit
2724 4307 2821 4360 sed
2854 4307 2940 4361 Ge

637 4385 939 4456 (Bentley),
986 4383 1279 4439 habuisset
1314 4387 1408 4440 rel.
1448 4388 1643 4456 (παῖς.)
1819 4391 1885 4440 26
1924 4387 2260 4458 quingenta]
2300 4407 2346 4442 12.
2382 4387 2433 4442 G
2615 4393 2683 4440 28
2720 4390 2940 4457 praeter

638 4464 1054 4518 commissiones
1087 4465 1139 4520 G
1286 4471 1352 4520 30
1389 4465 1790 4520 bfunambulos
1823 4469 1919 4532 M,
1964 4470 2022 4521 et
2066 4467 2426 4522 funambulos
2460 4468 2513 4522 G
2548 4467 2937 4536 (elefantorum

636 4543 819 4611 phun·
861 4545 931 4614 Τ)
1111 4545 1259 4599 exim
1291 4545 1432 4606 MG.
1470 4547 1598 4601 exin
1626 4549 1737 4612 ΧΤ,
1776 4547 1975 4600 exinde
2010 4547 2134 4618 ρ’δ,
2172 4550 2241 4616 cf.
2284 4549 2435 4617 Vesp.
2464 4553 2500 4602 4
