<?xml version="1.0" encoding="UTF-8"?>
<!DOCTYPE html PUBLIC "-//W3C//DTD XHTML 1.0 Transitional//EN"
    "http://www.w3.org/TR/xhtml1/DTD/xhtml1-transitional.dtd">
<html xmlns="http://www.w3.org/1999/xhtml" xml:lang="en" lang="en">
 <head>
  <title>
</title>
<meta http-equiv="Content-Type" content="text/html;charset=utf-8" />
  <meta name='ocr-system' content='tesseract 3.04.00' />
  <meta name='ocr-capabilities' content='ocr_page ocr_carea ocr_par ocr_line ocrx_word'/>
</head>
<body>
  <div class='ocr_page' id='page_1' title='image "./csuetoniitranqu00ihmgoog_0380.png"; bbox 0 0 3259 5209; ppageno 0'>
   <div class='ocr_carea' id='block_1_1' title="bbox 638 499 2236 567">
    <p class='ocr_par' dir='ltr' id='par_1_1' title="bbox 638 499 2236 567">
     <span class='ocr_line' id='line_1_1' title="bbox 638 499 2236 567; baseline -0.006 -3"><span class='ocrx_word' id='word_1_1' title='bbox 638 499 767 564; x_wconf 86' lang='lat'><strong>308</strong></span> <span class='ocrx_word' id='word_1_2' title='bbox 1342 500 1399 555; x_wconf 89' lang='lat' dir='ltr'><strong>C.</strong></span> <span class='ocrx_word' id='word_1_3' title='bbox 1438 501 1755 556; x_wconf 87' lang='lat' dir='ltr'>SVETONI</span> <span class='ocrx_word' id='word_1_4' title='bbox 1789 500 2236 567; x_wconf 86' lang='lat' dir='ltr'><strong>TRANQVILLI</strong></span> 
     </span>
    </p>
   </div>
   <div class='ocr_carea' id='block_1_2' title="bbox 514 661 3032 3304">
    <p class='ocr_par' dir='ltr' id='par_1_2' title="bbox 565 661 3030 1175">
     <span class='ocr_line' id='line_1_2' title="bbox 565 661 2942 750; baseline -0.001 -22"><span class='ocrx_word' id='word_1_5' title='bbox 565 682 597 728; x_wconf 81' lang='lat'><strong>2</strong></span> <span class='ocrx_word' id='word_1_6' title='bbox 814 661 1088 747; x_wconf 87' lang='lat' dir='ltr'><strong>Sumpta</strong></span> <span class='ocrx_word' id='word_1_7' title='bbox 1116 664 1289 728; x_wconf 92' lang='lat' dir='ltr'><strong>uirili</strong></span> <span class='ocrx_word' id='word_1_8' title='bbox 1318 669 1473 750; x_wconf 86' lang='lat' dir='ltr'><strong>toga</strong></span> <span class='ocrx_word' id='word_1_9' title='bbox 1498 664 1704 729; x_wconf 90' lang='lat' dir='ltr'><strong>latum</strong></span> <span class='ocrx_word' id='word_1_10' title='bbox 1736 665 2011 748; x_wconf 87' lang='lat' dir='ltr'><strong>clauum,</strong></span> <span class='ocrx_word' id='word_1_11' title='bbox 2050 687 2418 749; x_wconf 78' lang='lat' dir='ltr'><strong>quanquam</strong></span> <span class='ocrx_word' id='word_1_12' title='bbox 2447 664 2648 728; x_wconf 87' lang='lat' dir='ltr'><strong>fratre</strong></span> <span class='ocrx_word' id='word_1_13' title='bbox 2677 663 2942 746; x_wconf 89' lang='lat' dir='ltr'><strong>adepto,</strong></span> 
     </span>
     <span class='ocr_line' id='line_1_3' title="bbox 638 769 2944 855; baseline -0.001 -22"><span class='ocrx_word' id='word_1_14' title='bbox 638 770 743 834; x_wconf 89' lang='lat' dir='ltr'><strong>diu</strong></span> <span class='ocrx_word' id='word_1_15' title='bbox 800 776 1129 835; x_wconf 88' lang='lat' dir='ltr'><strong>auersatus</strong></span> <span class='ocrx_word' id='word_1_16' title='bbox 1176 776 1299 854; x_wconf 86' lang='lat' dir='ltr'><strong>est,</strong></span> <span class='ocrx_word' id='word_1_17' title='bbox 1352 791 1473 835; x_wconf 90' lang='lat' dir='ltr'><strong>nec</strong></span> <span class='ocrx_word' id='word_1_18' title='bbox 1526 776 1601 835; x_wconf 88' lang='lat' dir='ltr'><strong>ut</strong></span> <span class='ocrx_word' id='word_1_19' title='bbox 1659 772 1913 835; x_wconf 87' lang='lat' dir='ltr'><strong>tandem</strong></span> <span class='ocrx_word' id='word_1_20' title='bbox 1972 775 2308 855; x_wconf 85' lang='lat' dir='ltr'><strong>appeteret</strong></span> <span class='ocrx_word' id='word_1_21' title='bbox 2367 769 2670 854; x_wconf 81' lang='lat' dir='ltr'><strong>compelli</strong></span> <span class='ocrx_word' id='word_1_22' title='bbox 2721 769 2850 832; x_wconf 77' lang='lat' dir='ltr'><strong>nisi</strong></span> <span class='ocrx_word' id='word_1_23' title='bbox 2899 791 2944 832; x_wconf 85' lang='lat' dir='ltr'><strong>a</strong></span> 
     </span>
     <span class='ocr_line' id='line_1_4' title="bbox 636 876 2939 963; baseline -0 -24"><span class='ocrx_word' id='word_1_24' title='bbox 636 880 838 940; x_wconf 89' lang='lat' dir='ltr'><strong>matre</strong></span> <span class='ocrx_word' id='word_1_25' title='bbox 893 879 1126 960; x_wconf 90' lang='lat' dir='ltr'><strong>potuit.</strong></span> <span class='ocrx_word' id='word_1_26' title='bbox 1216 900 1291 942; x_wconf 89' lang='lat' dir='ltr'><strong>ea</strong></span> <span class='ocrx_word' id='word_1_27' title='bbox 1344 877 1596 942; x_wconf 89' lang='lat' dir='ltr'><strong>demum</strong></span> <span class='ocrx_word' id='word_1_28' title='bbox 1647 878 1898 942; x_wconf 80' lang='lat' dir='ltr'><strong>extudit</strong></span> <span class='ocrx_word' id='word_1_29' title='bbox 1947 880 2154 963; x_wconf 82' lang='lat' dir='ltr'><strong>magis</strong></span> <span class='ocrx_word' id='word_1_30' title='bbox 2203 876 2501 944; x_wconf 90' lang='lat' dir='ltr'><strong>conuicio</strong></span> <span class='ocrx_word' id='word_1_31' title='bbox 2551 898 2742 959; x_wconf 89' lang='lat' dir='ltr'><strong>quam</strong></span> <span class='ocrx_word' id='word_1_32' title='bbox 2789 896 2939 958; x_wconf 88' lang='lat' dir='ltr'><strong>pre-</strong></span> 
     </span>
     <span class='ocr_line' id='line_1_5' title="bbox 634 981 2940 1066; baseline -0.002 -18"><span class='ocrx_word' id='word_1_33' title='bbox 634 983 816 1048; x_wconf 87' lang='lat' dir='ltr'><strong>cibus</strong></span> <span class='ocrx_word' id='word_1_34' title='bbox 872 983 975 1056; x_wconf 87' lang='lat' dir='ltr'><strong>uel</strong></span> <span class='ocrx_word' id='word_1_35' title='bbox 1032 984 1441 1066; x_wconf 88' lang='lat' dir='ltr'><strong>auctoritate,</strong></span> <span class='ocrx_word' id='word_1_36' title='bbox 1502 984 1656 1049; x_wconf 89' lang='lat' dir='ltr'><strong>dum</strong></span> <span class='ocrx_word' id='word_1_37' title='bbox 1709 1006 1854 1047; x_wconf 87' lang='lat' dir='ltr'><strong>eum</strong></span> <span class='ocrx_word' id='word_1_38' title='bbox 1913 984 2257 1048; x_wconf 80' lang='lat' dir='ltr'>identidem</span> <span class='ocrx_word' id='word_1_39' title='bbox 2319 1006 2434 1066; x_wconf 90' lang='lat' dir='ltr'><strong>per</strong></span> <span class='ocrx_word' id='word_1_40' title='bbox 2479 981 2940 1047; x_wconf 89' lang='lat' dir='ltr'><strong>contumeliam</strong></span> 
     </span>
     <span class='ocr_line' id='line_1_6' title="bbox 634 1089 3030 1175; baseline -0 -23"><span class='ocrx_word' id='word_1_41' title='bbox 634 1089 1191 1154; x_wconf 86' lang='lat' dir='ltr'><strong>anteambulonem</strong></span> <span class='ocrx_word' id='word_1_42' title='bbox 1238 1090 1456 1155; x_wconf 81' lang='lat' dir='ltr'><strong>fratris</strong></span> <span class='ocrx_word' id='word_1_43' title='bbox 1504 1091 1804 1175; x_wconf 89' lang='lat' dir='ltr'><strong>appellat.</strong></span> <span class='ocrx_word' id='word_1_44' title='bbox 3003 1111 3030 1151; x_wconf 70' lang='grc' dir='ltr'><strong>ε</strong></span> 
     </span>
    </p>

    <p class='ocr_par' dir='ltr' id='par_1_3' title="bbox 563 1192 3032 2135">
     <span class='ocr_line' id='line_1_7' title="bbox 563 1192 2938 1280; baseline -0.002 -18"><span class='ocrx_word' id='word_1_45' title='bbox 563 1217 595 1262; x_wconf 82' lang='grc'><strong>3</strong></span> <span class='ocrx_word' id='word_1_46' title='bbox 810 1195 1234 1261; x_wconf 81' lang='lat' dir='ltr'><strong>Tribunatum</strong></span> <span class='ocrx_word' id='word_1_47' title='bbox 1282 1197 1561 1262; x_wconf 91' lang='lat' dir='ltr'><strong>militum</strong></span> <span class='ocrx_word' id='word_1_48' title='bbox 1612 1199 1680 1260; x_wconf 93' lang='lat' dir='ltr'><strong>in</strong></span> <span class='ocrx_word' id='word_1_49' title='bbox 1726 1196 2000 1262; x_wconf 88' lang='lat' dir='ltr'><strong>Thracia</strong></span> <span class='ocrx_word' id='word_1_50' title='bbox 2035 1197 2296 1280; x_wconf 85' lang='lat' dir='ltr'><strong>meruit3</strong></span> <span class='ocrx_word' id='word_1_51' title='bbox 2343 1200 2648 1280; x_wconf 78' lang='lat' dir='ltr'><strong>quaestor</strong></span> <span class='ocrx_word' id='word_1_52' title='bbox 2675 1192 2938 1258; x_wconf 79' lang='lat' dir='ltr'><strong>Cretam</strong></span> 
     </span>
     <span class='ocr_line' id='line_1_8' title="bbox 632 1301 2940 1388; baseline -0.002 -20"><span class='ocrx_word' id='word_1_53' title='bbox 632 1308 697 1368; x_wconf 88' lang='lat' dir='ltr'><strong>et</strong></span> <span class='ocrx_word' id='word_1_54' title='bbox 752 1301 1031 1386; x_wconf 83' lang='lat' dir='ltr'><strong>Cyrenas</strong></span> <span class='ocrx_word' id='word_1_55' title='bbox 1085 1305 1488 1388; x_wconf 88' lang='lat' dir='ltr'><strong>prouinciam</strong></span> <span class='ocrx_word' id='word_1_56' title='bbox 1545 1308 1719 1368; x_wconf 87' lang='lat' dir='ltr'><strong>sorte</strong></span> <span class='ocrx_word' id='word_1_57' title='bbox 1776 1305 1973 1388; x_wconf 82' lang='lat' dir='ltr'><strong>cepit3</strong></span> <span class='ocrx_word' id='word_1_58' title='bbox 2037 1303 2386 1368; x_wconf 83' lang='lat' dir='ltr'><strong>aedilitatis</strong></span> <span class='ocrx_word' id='word_1_59' title='bbox 2431 1324 2508 1366; x_wconf 90' lang='lat' dir='ltr'><strong>ac</strong></span> <span class='ocrx_word' id='word_1_60' title='bbox 2555 1323 2704 1366; x_wconf 80' lang='lat' dir='ltr'><strong>mox</strong></span> <span class='ocrx_word' id='word_1_61' title='bbox 2751 1323 2940 1385; x_wconf 86' lang='lat' dir='ltr'><strong>prae-</strong></span> 
     </span>
     <span class='ocr_line' id='line_1_9' title="bbox 630 1407 2941 1494; baseline -0.001 -21"><span class='ocrx_word' id='word_1_62' title='bbox 630 1413 813 1474; x_wconf 87' lang='lat' dir='ltr'><strong>turae</strong></span> <span class='ocrx_word' id='word_1_63' title='bbox 860 1410 1249 1494; x_wconf 75' lang='lat' dir='ltr'>candidatae,</span> <span class='ocrx_word' id='word_1_64' title='bbox 1310 1410 1489 1474; x_wconf 88' lang='lat' dir='ltr'><strong>illam</strong></span> <span class='ocrx_word' id='word_1_65' title='bbox 1546 1433 1678 1474; x_wconf 91' lang='lat' dir='ltr'><strong>non</strong></span> <span class='ocrx_word' id='word_1_66' title='bbox 1737 1411 1871 1474; x_wconf 90' lang='lat' dir='ltr'><strong>sine</strong></span> <span class='ocrx_word' id='word_1_67' title='bbox 1918 1411 2174 1494; x_wconf 88' lang='lat' dir='ltr'><strong>repulsa</strong></span> <span class='ocrx_word' id='word_1_68' title='bbox 2220 1413 2529 1493; x_wconf 83' lang='lat' dir='ltr'><strong>sextoque</strong></span> <span class='ocrx_word' id='word_1_69' title='bbox 2575 1409 2685 1472; x_wconf 84' lang='lat' dir='ltr'><strong>uix</strong></span> <span class='ocrx_word' id='word_1_70' title='bbox 2743 1407 2941 1491; x_wconf 89' lang='lat' dir='ltr'><strong>adep-</strong></span> 
     </span>
     <span class='ocr_line' id='line_1_10' title="bbox 630 1514 2937 1600; baseline -0 -20"><span class='ocrx_word' id='word_1_71' title='bbox 630 1521 735 1580; x_wconf 86' lang='lat' dir='ltr'><strong>tus</strong></span> <span class='ocrx_word' id='word_1_72' title='bbox 784 1523 879 1580; x_wconf 89' lang='lat' dir='ltr'><strong>est</strong></span> <span class='ocrx_word' id='word_1_73' title='bbox 923 1517 1096 1600; x_wconf 86' lang='lat' dir='ltr'><strong>loco,</strong></span> <span class='ocrx_word' id='word_1_74' title='bbox 1158 1516 1491 1599; x_wconf 84' lang='lat' dir='ltr'><strong>&lt;h&gt;a&lt;n&gt;c</strong></span> <span class='ocrx_word' id='word_1_75' title='bbox 1546 1516 1758 1600; x_wconf 86' lang='lat' dir='ltr'><strong>prima</strong></span> <span class='ocrx_word' id='word_1_76' title='bbox 1803 1518 2019 1581; x_wconf 89' lang='lat' dir='ltr'><strong>statim</strong></span> <span class='ocrx_word' id='word_1_77' title='bbox 2081 1516 2395 1600; x_wconf 90' lang='lat' dir='ltr'><strong>petitione</strong></span> <span class='ocrx_word' id='word_1_78' title='bbox 2443 1519 2508 1579; x_wconf 87' lang='lat' dir='ltr'><strong>et</strong></span> <span class='ocrx_word' id='word_1_79' title='bbox 2561 1514 2631 1578; x_wconf 91' lang='lat' dir='ltr'><strong>in</strong></span> <span class='ocrx_word' id='word_1_80' title='bbox 2683 1514 2937 1598; x_wconf 81' lang='lat' dir='ltr'><strong>primis,</strong></span> 
     </span>
     <span class='ocr_line' id='line_1_11' title="bbox 630 1621 3032 1707; baseline 0 -21"><span class='ocrx_word' id='word_1_81' title='bbox 630 1627 888 1707; x_wconf 86' lang='lat' dir='ltr'><strong>praetor</strong></span> <span class='ocrx_word' id='word_1_82' title='bbox 940 1622 1261 1687; x_wconf 86' lang='lat' dir='ltr'><strong>infensum</strong></span> <span class='ocrx_word' id='word_1_83' title='bbox 1312 1622 1559 1686; x_wconf 86' lang='lat' dir='ltr'><strong>senatui</strong></span> <span class='ocrx_word' id='word_1_84' title='bbox 1608 1622 1842 1688; x_wconf 80' lang='lat' dir='ltr'><strong>Gaium</strong></span> <span class='ocrx_word' id='word_1_85' title='bbox 1890 1645 1972 1686; x_wconf 89' lang='lat' dir='ltr'><strong>ne</strong></span> <span class='ocrx_word' id='word_1_86' title='bbox 2019 1645 2146 1707; x_wconf 91' lang='lat' dir='ltr'><strong>quo</strong></span> <span class='ocrx_word' id='word_1_87' title='bbox 2193 1644 2326 1686; x_wconf 92' lang='lat' dir='ltr'><strong>non</strong></span> <span class='ocrx_word' id='word_1_88' title='bbox 2372 1643 2606 1707; x_wconf 86' lang='lat' dir='ltr'><strong>genere</strong></span> <span class='ocrx_word' id='word_1_89' title='bbox 2653 1621 2941 1684; x_wconf 86' lang='lat' dir='ltr'><strong>demere·</strong></span> <span class='ocrx_word' id='word_1_90' title='bbox 2973 1647 3032 1687; x_wconf 83' lang='grc' dir='ltr'><strong>ιο</strong></span> 
     </span>
     <span class='ocr_line' id='line_1_12' title="bbox 628 1717 2940 1813; baseline -0 -21"><span class='ocrx_word' id='word_1_91' title='bbox 628 1732 831 1812; x_wconf 88' lang='lat' dir='ltr'><strong>retur,</strong></span> <span class='ocrx_word' id='word_1_92' title='bbox 883 1728 1071 1793; x_wconf 91' lang='lat' dir='ltr'><strong>ludos</strong></span> <span class='ocrx_word' id='word_1_93' title='bbox 1127 1729 1665 1793; x_wconf 84' lang='lat' dir='ltr'><strong>extraordinarios</strong></span> <span class='ocrx_word' id='word_1_94' title='bbox 1720 1753 1838 1813; x_wconf 89' lang='lat' dir='ltr'><strong>pro</strong></span> <span class='ocrx_word' id='word_1_95' title='bbox 1892 1731 2168 1793; x_wconf 89' lang='lat' dir='ltr'><strong>uictoria</strong></span> <span class='ocrx_word' id='word_1_96' title='bbox 2214 1730 2351 1794; x_wconf 91' lang='lat' dir='ltr'><strong>eius</strong></span> <span class='ocrx_word' id='word_1_97' title='bbox 2399 1717 2780 1793; x_wconf 80' lang='lat' dir='ltr'><strong>Germanica</strong></span> <span class='ocrx_word' id='word_1_98' title='bbox 2829 1727 2940 1791; x_wconf 88' lang='lat' dir='ltr'><strong>de-</strong></span> 
     </span>
     <span class='ocr_line' id='line_1_13' title="bbox 627 1835 2938 1921; baseline -0 -22"><span class='ocrx_word' id='word_1_99' title='bbox 627 1836 925 1919; x_wconf 87' lang='lat' dir='ltr'><strong>poposcit</strong></span> <span class='ocrx_word' id='word_1_100' title='bbox 970 1857 1338 1921; x_wconf 83' lang='lat' dir='ltr'><strong>poenaeque</strong></span> <span class='ocrx_word' id='word_1_101' title='bbox 1389 1837 1870 1900; x_wconf 88' lang='lat' dir='ltr'><strong>coniuratorum</strong></span> <span class='ocrx_word' id='word_1_102' title='bbox 1917 1835 2278 1901; x_wconf 87' lang='lat' dir='ltr'><strong>addendum</strong></span> <span class='ocrx_word' id='word_1_103' title='bbox 2333 1835 2599 1916; x_wconf 86' lang='lat' dir='ltr'><strong>censuit,</strong></span> <span class='ocrx_word' id='word_1_104' title='bbox 2645 1838 2719 1898; x_wconf 90' lang='lat' dir='ltr'><strong>ut</strong></span> <span class='ocrx_word' id='word_1_105' title='bbox 2767 1835 2938 1898; x_wconf 88' lang='lat' dir='ltr'><strong>inse-</strong></span> 
     </span>
     <span class='ocr_line' id='line_1_14' title="bbox 627 1940 2938 2029; baseline -0.001 -24"><span class='ocrx_word' id='word_1_106' title='bbox 627 1941 793 2024; x_wconf 91' lang='lat' dir='ltr'><strong>pulti</strong></span> <span class='ocrx_word' id='word_1_107' title='bbox 839 1944 1294 2026; x_wconf 74' lang='lat' dir='ltr'><strong>proicerentur.</strong></span> <span class='ocrx_word' id='word_1_108' title='bbox 1388 1943 1521 2028; x_wconf 85' lang='lat' dir='ltr'><strong>egit</strong></span> <span class='ocrx_word' id='word_1_109' title='bbox 1559 1947 1623 2006; x_wconf 87' lang='lat' dir='ltr'><strong>et</strong></span> <span class='ocrx_word' id='word_1_110' title='bbox 1659 1943 1902 2029; x_wconf 75' lang='lat' dir='ltr'><strong>gratias</strong></span> <span class='ocrx_word' id='word_1_111' title='bbox 1941 1942 2000 2006; x_wconf 87' lang='lat' dir='ltr'><strong>ei</strong></span> <span class='ocrx_word' id='word_1_112' title='bbox 2039 1942 2208 2026; x_wconf 88' lang='lat' dir='ltr'><strong>apud</strong></span> <span class='ocrx_word' id='word_1_113' title='bbox 2249 1941 2720 2025; x_wconf 89' lang='lat' dir='ltr'><strong>amplissimum</strong></span> <span class='ocrx_word' id='word_1_114' title='bbox 2764 1940 2938 2003; x_wconf 92' lang='lat' dir='ltr'><strong>ordi-</strong></span> 
     </span>
     <span class='ocr_line' id='line_1_15' title="bbox 627 2047 2238 2135; baseline 0.001 -25"><span class='ocrx_word' id='word_1_115' title='bbox 627 2069 793 2130; x_wconf 83' lang='lat' dir='ltr'><strong>nem,</strong></span> <span class='ocrx_word' id='word_1_116' title='bbox 840 2049 1011 2132; x_wconf 91' lang='lat' dir='ltr'><strong>quod</strong></span> <span class='ocrx_word' id='word_1_117' title='bbox 1060 2070 1129 2112; x_wconf 89' lang='lat' dir='ltr'><strong>se</strong></span> <span class='ocrx_word' id='word_1_118' title='bbox 1172 2047 1416 2114; x_wconf 91' lang='lat' dir='ltr'><strong>honore</strong></span> <span class='ocrx_word' id='word_1_119' title='bbox 1462 2069 1654 2113; x_wconf 89' lang='lat' dir='ltr'><strong>cenae</strong></span> <span class='ocrx_word' id='word_1_120' title='bbox 1703 2049 2005 2135; x_wconf 86' lang='lat' dir='ltr'><strong>dignatus</strong></span> <span class='ocrx_word' id='word_1_121' title='bbox 2055 2052 2238 2112; x_wconf 89' lang='lat' dir='ltr'><strong>esset.</strong></span> 
     </span>
    </p>

    <p class='ocr_par' dir='ltr' id='par_1_4' title="bbox 528 2151 3029 3196">
     <span class='ocr_line' id='line_1_16' title="bbox 528 2151 3029 2246; baseline -0.001 -26"><span class='ocrx_word' id='word_1_122' title='bbox 528 2154 579 2246; x_wconf 34' lang='lat'><strong>,3</strong></span> <span class='ocrx_word' id='word_1_123' title='bbox 804 2153 980 2218; x_wconf 81' lang='lat' dir='ltr'><strong>Inter</strong></span> <span class='ocrx_word' id='word_1_124' title='bbox 1024 2155 1181 2219; x_wconf 88' lang='lat' dir='ltr'><strong>haec</strong></span> <span class='ocrx_word' id='word_1_125' title='bbox 1218 2154 1510 2220; x_wconf 84' lang='lat' dir='ltr'><strong>Flauiam</strong></span> <span class='ocrx_word' id='word_1_126' title='bbox 1549 2155 1954 2219; x_wconf 70' lang='lat' dir='ltr'><strong>Domitillam</strong></span> <span class='ocrx_word' id='word_1_127' title='bbox 1998 2155 2184 2219; x_wconf 83' lang='lat' dir='ltr'><strong>duxit</strong></span> <span class='ocrx_word' id='word_1_128' title='bbox 2221 2175 2510 2237; x_wconf 86' lang='lat' dir='ltr'><strong>uxorem,</strong></span> <span class='ocrx_word' id='word_1_129' title='bbox 2557 2151 2775 2218; x_wconf 85' lang='lat' dir='ltr'><strong>Statili</strong></span> <span class='ocrx_word' id='word_1_130' title='bbox 2816 2152 2934 2217; x_wconf 87' lang='lat' dir='ltr'><strong>Ca·</strong></span> <span class='ocrx_word' id='word_1_131' title='bbox 2971 2179 3029 2218; x_wconf 69' lang='grc' dir='ltr'><strong>ιε</strong></span> 
     </span>
     <span class='ocr_line' id='line_1_17' title="bbox 626 2260 2937 2345; baseline 0 -21"><span class='ocrx_word' id='word_1_132' title='bbox 626 2263 831 2345; x_wconf 88' lang='lat' dir='ltr'><strong>pellae</strong></span> <span class='ocrx_word' id='word_1_133' title='bbox 884 2261 1119 2344; x_wconf 90' lang='lat' dir='ltr'><strong>equitis</strong></span> <span class='ocrx_word' id='word_1_134' title='bbox 1174 2260 1249 2324; x_wconf 85' lang='lat' dir='ltr'><strong>R.</strong></span> <span class='ocrx_word' id='word_1_135' title='bbox 1298 2260 1702 2326; x_wconf 85' lang='lat' dir='ltr'><strong>Sabratensis</strong></span> <span class='ocrx_word' id='word_1_136' title='bbox 1762 2283 1838 2325; x_wconf 83' lang='lat' dir='ltr'><strong>ex</strong></span> <span class='ocrx_word' id='word_1_137' title='bbox 1887 2261 2112 2327; x_wconf 83' lang='lat' dir='ltr'><strong>Africa</strong></span> <span class='ocrx_word' id='word_1_138' title='bbox 2159 2261 2499 2325; x_wconf 84' lang='lat' dir='ltr'><strong>delicatam</strong></span> <span class='ocrx_word' id='word_1_139' title='bbox 2553 2260 2705 2326; x_wconf 90' lang='lat' dir='ltr'><strong>olim</strong></span> <span class='ocrx_word' id='word_1_140' title='bbox 2756 2261 2937 2325; x_wconf 87' lang='lat' dir='ltr'><strong>Lati-</strong></span> 
     </span>
     <span class='ocr_line' id='line_1_18' title="bbox 626 2365 2934 2454; baseline 0 -24"><span class='ocrx_word' id='word_1_141' title='bbox 626 2390 871 2450; x_wconf 89' lang='lat' dir='ltr'><strong>naeque</strong></span> <span class='ocrx_word' id='word_1_142' title='bbox 919 2367 1337 2451; x_wconf 75' lang='lat' dir='ltr'><strong>condicioni8‚</strong></span> <span class='ocrx_word' id='word_1_143' title='bbox 1404 2369 1512 2432; x_wconf 89' lang='lat' dir='ltr'><strong>sed</strong></span> <span class='ocrx_word' id='word_1_144' title='bbox 1570 2389 1722 2432; x_wconf 85' lang='lat' dir='ltr'><strong>mox</strong></span> <span class='ocrx_word' id='word_1_145' title='bbox 1779 2370 2125 2454; x_wconf 81' lang='lat' dir='ltr'><strong>ingenuam</strong></span> <span class='ocrx_word' id='word_1_146' title='bbox 2171 2373 2236 2430; x_wconf 89' lang='lat' dir='ltr'><strong>et</strong></span> <span class='ocrx_word' id='word_1_147' title='bbox 2284 2365 2492 2431; x_wconf 88' lang='lat' dir='ltr'><strong>ciuem</strong></span> <span class='ocrx_word' id='word_1_148' title='bbox 2541 2366 2724 2432; x_wconf 83' lang='lat' dir='ltr'><strong>Rom.</strong></span> <span class='ocrx_word' id='word_1_149' title='bbox 2775 2368 2934 2431; x_wconf 89' lang='lat' dir='ltr'><strong>reci-</strong></span> 
     </span>
     <span class='ocr_line' id='line_1_19' title="bbox 626 2473 2938 2558; baseline 0 -20"><span class='ocrx_word' id='word_1_150' title='bbox 626 2474 947 2557; x_wconf 88' lang='lat' dir='ltr'><strong>peratorio</strong></span> <span class='ocrx_word' id='word_1_151' title='bbox 1008 2473 1245 2538; x_wconf 89' lang='lat' dir='ltr'><strong>iudicio</strong></span> <span class='ocrx_word' id='word_1_152' title='bbox 1303 2474 1809 2558; x_wconf 84' lang='lat' dir='ltr'><strong>pronuntiatam,</strong></span> <span class='ocrx_word' id='word_1_153' title='bbox 1867 2478 2053 2558; x_wconf 89' lang='lat' dir='ltr'><strong>patre</strong></span> <span class='ocrx_word' id='word_1_154' title='bbox 2098 2477 2421 2538; x_wconf 85' lang='lat' dir='ltr'><strong>asserente</strong></span> <span class='ocrx_word' id='word_1_155' title='bbox 2469 2473 2695 2537; x_wconf 88' lang='lat' dir='ltr'><strong>Flauio</strong></span> <span class='ocrx_word' id='word_1_156' title='bbox 2742 2473 2938 2538; x_wconf 86' lang='lat' dir='ltr'><strong>Libe-</strong></span> 
     </span>
     <span class='ocr_line' id='line_1_20' title="bbox 624 2579 2932 2667; baseline 0 -23"><span class='ocrx_word' id='word_1_157' title='bbox 624 2580 757 2644; x_wconf 87' lang='lat' dir='ltr'><strong>rale</strong></span> <span class='ocrx_word' id='word_1_158' title='bbox 803 2579 1059 2646; x_wconf 85' lang='lat' dir='ltr'><strong>Ferenti</strong></span> <span class='ocrx_word' id='word_1_159' title='bbox 1112 2583 1335 2667; x_wconf 84' lang='lat' dir='ltr'><strong>genito</strong></span> <span class='ocrx_word' id='word_1_160' title='bbox 1390 2601 1507 2644; x_wconf 87' lang='lat' dir='ltr'><strong>nec</strong></span> <span class='ocrx_word' id='word_1_161' title='bbox 1562 2582 1908 2664; x_wconf 88' lang='lat' dir='ltr'><strong>quicquam</strong></span> <span class='ocrx_word' id='word_1_162' title='bbox 1965 2581 2245 2665; x_wconf 88' lang='lat' dir='ltr'><strong>amplius</strong></span> <span class='ocrx_word' id='word_1_163' title='bbox 2307 2600 2502 2663; x_wconf 89' lang='lat' dir='ltr'><strong>quam</strong></span> <span class='ocrx_word' id='word_1_164' title='bbox 2558 2581 2932 2663; x_wconf 89' lang='lat' dir='ltr'><strong>quaestorio</strong></span> 
     </span>
     <span class='ocr_line' id='line_1_21' title="bbox 627 2685 3024 2753; baseline 0.001 -3"><span class='ocrx_word' id='word_1_165' title='bbox 627 2686 852 2751; x_wconf 84' lang='lat' dir='ltr'><strong>scriba.</strong></span> <span class='ocrx_word' id='word_1_166' title='bbox 944 2709 1021 2750; x_wconf 85' lang='lat' dir='ltr'><strong>ex</strong></span> <span class='ocrx_word' id='word_1_167' title='bbox 1068 2686 1188 2751; x_wconf 86' lang='lat' dir='ltr'><strong>hac</strong></span> <span class='ocrx_word' id='word_1_168' title='bbox 1233 2687 1471 2753; x_wconf 89' lang='lat' dir='ltr'><strong>liberos</strong></span> <span class='ocrx_word' id='word_1_169' title='bbox 1518 2687 1672 2750; x_wconf 89' lang='lat' dir='ltr'><strong>tulit</strong></span> <span class='ocrx_word' id='word_1_170' title='bbox 1718 2686 1937 2751; x_wconf 87' lang='lat' dir='ltr'><strong>Titum</strong></span> <span class='ocrx_word' id='word_1_171' title='bbox 1985 2691 2048 2750; x_wconf 88' lang='lat' dir='ltr'><strong>et</strong></span> <span class='ocrx_word' id='word_1_172' title='bbox 2095 2687 2542 2751; x_wconf 88' lang='lat' dir='ltr'><strong>Domitianum</strong></span> <span class='ocrx_word' id='word_1_173' title='bbox 2589 2689 2656 2750; x_wconf 86' lang='lat' dir='ltr'><strong>et</strong></span> <span class='ocrx_word' id='word_1_174' title='bbox 2702 2685 2932 2750; x_wconf 87' lang='lat' dir='ltr'><strong>Domi·</strong></span> <span class='ocrx_word' id='word_1_175' title='bbox 2963 2713 3024 2753; x_wconf 62' lang='grc' dir='ltr'><strong>το</strong></span> 
     </span>
     <span class='ocr_line' id='line_1_22' title="bbox 625 2791 2931 2877; baseline 0 -21"><span class='ocrx_word' id='word_1_176' title='bbox 625 2793 847 2858; x_wconf 90' lang='lat' dir='ltr'><strong>tillam.</strong></span> <span class='ocrx_word' id='word_1_177' title='bbox 940 2794 1124 2857; x_wconf 84' lang='lat' dir='ltr'><strong>uxori</strong></span> <span class='ocrx_word' id='word_1_178' title='bbox 1184 2814 1256 2857; x_wconf 89' lang='lat' dir='ltr'><strong>ac</strong></span> <span class='ocrx_word' id='word_1_179' title='bbox 1308 2793 1481 2857; x_wconf 89' lang='lat' dir='ltr'><strong>filiae</strong></span> <span class='ocrx_word' id='word_1_180' title='bbox 1534 2797 1857 2876; x_wconf 89' lang='lat' dir='ltr'><strong>superstes</strong></span> <span class='ocrx_word' id='word_1_181' title='bbox 1913 2795 2042 2858; x_wconf 89' lang='lat' dir='ltr'><strong>fuit</strong></span> <span class='ocrx_word' id='word_1_182' title='bbox 2087 2799 2282 2877; x_wconf 89' lang='lat' dir='ltr'><strong>atque</strong></span> <span class='ocrx_word' id='word_1_183' title='bbox 2329 2797 2671 2875; x_wconf 87' lang='lat' dir='ltr'><strong>utramque</strong></span> <span class='ocrx_word' id='word_1_184' title='bbox 2715 2791 2931 2857; x_wconf 87' lang='lat' dir='ltr'><strong>adhuc</strong></span> 
     </span>
     <span class='ocr_line' id='line_1_23' title="bbox 625 2897 2932 2983; baseline 0 -20"><span class='ocrx_word' id='word_1_185' title='bbox 625 2900 917 2982; x_wconf 89' lang='lat' dir='ltr'><strong>priuatus</strong></span> <span class='ocrx_word' id='word_1_186' title='bbox 972 2898 1204 2963; x_wconf 87' lang='lat' dir='ltr'><strong>amisit.</strong></span> <span class='ocrx_word' id='word_1_187' title='bbox 1306 2903 1456 2983; x_wconf 88' lang='lat' dir='ltr'><strong>post</strong></span> <span class='ocrx_word' id='word_1_188' title='bbox 1511 2899 1732 2964; x_wconf 81' lang='lat' dir='ltr'><strong>uxoris</strong></span> <span class='ocrx_word' id='word_1_189' title='bbox 1788 2921 2118 2964; x_wconf 77' lang='lat' dir='ltr'><strong>excessum</strong></span> <span class='ocrx_word' id='word_1_190' title='bbox 2175 2897 2538 2982; x_wconf 88' lang='lat' dir='ltr'><strong>Caenidem,</strong></span> <span class='ocrx_word' id='word_1_191' title='bbox 2600 2897 2932 2964; x_wconf 83' lang='lat' dir='ltr'><strong>Antoniae</strong></span> 
     </span>
     <span class='ocr_line' id='line_1_24' title="bbox 623 3004 2929 3089; baseline 0 -20"><span class='ocrx_word' id='word_1_192' title='bbox 623 3004 922 3069; x_wconf 89' lang='lat' dir='ltr'><strong>libertam</strong></span> <span class='ocrx_word' id='word_1_193' title='bbox 962 3009 1026 3069; x_wconf 90' lang='lat' dir='ltr'><strong>et</strong></span> <span class='ocrx_word' id='word_1_194' title='bbox 1064 3028 1103 3069; x_wconf 90' lang='lat' dir='ltr'><strong>a</strong></span> <span class='ocrx_word' id='word_1_195' title='bbox 1136 3028 1349 3089; x_wconf 85' lang='lat' dir='ltr'><strong>manu,</strong></span> <span class='ocrx_word' id='word_1_196' title='bbox 1387 3005 1687 3071; x_wconf 89' lang='lat' dir='ltr'><strong>dilectam</strong></span> <span class='ocrx_word' id='word_1_197' title='bbox 1728 3006 2049 3089; x_wconf 88' lang='lat' dir='ltr'><strong>quondam</strong></span> <span class='ocrx_word' id='word_1_198' title='bbox 2088 3005 2215 3070; x_wconf 90' lang='lat' dir='ltr'><strong>sibi</strong></span> <span class='ocrx_word' id='word_1_199' title='bbox 2245 3005 2577 3070; x_wconf 89' lang='lat' dir='ltr'><strong>reuocauit</strong></span> <span class='ocrx_word' id='word_1_200' title='bbox 2605 3008 2674 3070; x_wconf 91' lang='lat' dir='ltr'><strong>in</strong></span> <span class='ocrx_word' id='word_1_201' title='bbox 2703 3010 2929 3070; x_wconf 88' lang='lat' dir='ltr'><strong>contu-</strong></span> 
     </span>
     <span class='ocr_line' id='line_1_25' title="bbox 622 3111 2929 3196; baseline 0.001 -22"><span class='ocrx_word' id='word_1_202' title='bbox 622 3111 920 3176; x_wconf 88' lang='lat' dir='ltr'><strong>bernium</strong></span> <span class='ocrx_word' id='word_1_203' title='bbox 967 3111 1323 3195; x_wconf 87' lang='lat' dir='ltr'><strong>habuitque</strong></span> <span class='ocrx_word' id='word_1_204' title='bbox 1371 3113 1561 3177; x_wconf 88' lang='lat' dir='ltr'><strong>etiam</strong></span> <span class='ocrx_word' id='word_1_205' title='bbox 1613 3113 1965 3196; x_wconf 89' lang='lat' dir='ltr'><strong>imperator</strong></span> <span class='ocrx_word' id='word_1_206' title='bbox 2009 3133 2212 3196; x_wconf 89' lang='lat' dir='ltr'><strong>paene</strong></span> <span class='ocrx_word' id='word_1_207' title='bbox 2258 3111 2466 3176; x_wconf 89' lang='lat' dir='ltr'><strong>iustae</strong></span> <span class='ocrx_word' id='word_1_208' title='bbox 2501 3112 2723 3177; x_wconf 82' lang='lat' dir='ltr'><strong>uxoris</strong></span> <span class='ocrx_word' id='word_1_209' title='bbox 2761 3111 2929 3176; x_wconf 78' lang='lat' dir='ltr'><strong>loco,</strong></span> 
     </span>
    </p>

    <p class='ocr_par' dir='ltr' id='par_1_5' title="bbox 514 3216 3017 3304">
     <span class='ocr_line' id='line_1_26' title="bbox 514 3216 3017 3304; baseline 0.001 -21"><span class='ocrx_word' id='word_1_210' title='bbox 514 3216 561 3283; x_wconf 75' lang='grc'>4</span> <span class='ocrx_word' id='word_1_211' title='bbox 804 3216 1071 3282; x_wconf 87' lang='lat' dir='ltr'><strong>Claudio</strong></span> <span class='ocrx_word' id='word_1_212' title='bbox 1118 3220 1408 3303; x_wconf 89' lang='lat' dir='ltr'><strong>principe</strong></span> <span class='ocrx_word' id='word_1_213' title='bbox 1454 3217 1740 3283; x_wconf 86' lang='lat' dir='ltr'><strong>Narcissi</strong></span> <span class='ocrx_word' id='word_1_214' title='bbox 1791 3219 2000 3304; x_wconf 83' lang='lat' dir='ltr'><strong>gratia</strong></span> <span class='ocrx_word' id='word_1_215' title='bbox 2044 3219 2296 3304; x_wconf 86' lang='lat' dir='ltr'><strong>legatus</strong></span> <span class='ocrx_word' id='word_1_216' title='bbox 2342 3218 2619 3304; x_wconf 81' lang='lat' dir='ltr'><strong>legionis</strong></span> <span class='ocrx_word' id='word_1_217' title='bbox 2667 3219 2736 3282; x_wconf 92' lang='lat' dir='ltr'><strong>in</strong></span> <span class='ocrx_word' id='word_1_218' title='bbox 2775 3216 2926 3282; x_wconf 86' lang='lat' dir='ltr'><strong>Ger·</strong></span> <span class='ocrx_word' id='word_1_219' title='bbox 2959 3245 3017 3286; x_wconf 70' lang='lat' dir='ltr'><strong>ss</strong></span> 
     </span>
    </p>
   </div>
   <div class='ocr_carea' id='block_1_3' title="bbox 624 3346 1049 3353">
    <p class='ocr_par' dir='ltr' id='par_1_6' title="bbox 624 3346 1049 3353">
     <span class='ocr_line' id='line_1_27' title="bbox 624 3346 1049 3353; baseline 0 1856"><span class='ocrx_word' id='word_1_220' title='bbox 624 3346 1049 3353; x_wconf 95' lang='lat' dir='ltr'><strong> </strong></span> 
     </span>
    </p>
   </div>
   <div class='ocr_carea' id='block_1_4' title="bbox 622 3419 2928 3887">
    <p class='ocr_par' dir='ltr' id='par_1_7' title="bbox 622 3419 2928 3887">
     <span class='ocr_line' id='line_1_28' title="bbox 769 3419 2925 3490; baseline 0 -17"><span class='ocrx_word' id='word_1_221' title='bbox 769 3425 851 3473; x_wconf 86' lang='lat'><strong>15.</strong></span> <span class='ocrx_word' id='word_1_222' title='bbox 883 3425 951 3472; x_wconf 81' lang='lat'><strong>20</strong></span> <span class='ocrx_word' id='word_1_223' title='bbox 990 3422 1144 3489; x_wconf 78' lang='lat' dir='ltr'><strong>Epit.</strong></span> <span class='ocrx_word' id='word_1_224' title='bbox 1178 3426 1265 3485; x_wconf 87' lang='lat'><strong>10,</strong></span> <span class='ocrx_word' id='word_1_225' title='bbox 1286 3425 1317 3473; x_wconf 91' lang='lat'><strong><em>1</em></strong></span> <span class='ocrx_word' id='word_1_226' title='bbox 1348 3419 1507 3472; x_wconf 86' lang='lat' dir='ltr'><strong>Titus</strong></span> <span class='ocrx_word' id='word_1_227' title='bbox 1539 3460 1550 3473; x_wconf 89' lang='lat'><strong>.</strong></span> <span class='ocrx_word' id='word_1_228' title='bbox 1573 3461 1586 3473; x_wconf 89' lang='lat'>.</span> <span class='ocrx_word' id='word_1_229' title='bbox 1610 3461 1621 3473; x_wconf 89' lang='lat'>.</span> <span class='ocrx_word' id='word_1_230' title='bbox 1651 3422 1832 3474; x_wconf 86' lang='lat' dir='ltr'><strong>matre</strong></span> <span class='ocrx_word' id='word_1_231' title='bbox 1859 3419 2066 3474; x_wconf 83' lang='lat' dir='ltr'><strong>liberta</strong></span> <span class='ocrx_word' id='word_1_232' title='bbox 2094 3419 2394 3472; x_wconf 85' lang='lat' dir='ltr'><strong>Domitilla</strong></span> <span class='ocrx_word' id='word_1_233' title='bbox 2422 3420 2650 3474; x_wconf 87' lang='lat' dir='ltr'><strong>nomine</strong></span> <span class='ocrx_word' id='word_1_234' title='bbox 2677 3419 2925 3490; x_wconf 76' lang='lat' dir='ltr'><strong>genitus,</strong></span> 
     </span>
     <span class='ocr_line' id='line_1_29' title="bbox 625 3498 2926 3570; baseline 0.001 -19"><span class='ocrx_word' id='word_1_235' title='bbox 625 3505 710 3563; x_wconf 89' lang='lat'><strong>11,</strong></span> <span class='ocrx_word' id='word_1_236' title='bbox 732 3506 761 3553; x_wconf 92' lang='lat'><strong><em>1</em></strong></span> <span class='ocrx_word' id='word_1_237' title='bbox 819 3499 1175 3552; x_wconf 85' lang='lat' dir='ltr'><strong>Domitianus</strong></span> <span class='ocrx_word' id='word_1_238' title='bbox 1214 3499 1546 3567; x_wconf 87' lang='lat' dir='ltr'><strong>Vespasiani</strong></span> <span class='ocrx_word' id='word_1_239' title='bbox 1600 3503 1658 3553; x_wconf 89' lang='lat' dir='ltr'><strong>et</strong></span> <span class='ocrx_word' id='word_1_240' title='bbox 1704 3498 2032 3553; x_wconf 86' lang='lat' dir='ltr'><strong>Domitillae</strong></span> <span class='ocrx_word' id='word_1_241' title='bbox 2089 3499 2328 3552; x_wconf 84' lang='lat' dir='ltr'><strong>libertae</strong></span> <span class='ocrx_word' id='word_1_242' title='bbox 2383 3499 2564 3567; x_wconf 84' lang='lat' dir='ltr'><strong>filius,</strong></span> <span class='ocrx_word' id='word_1_243' title='bbox 2620 3515 2926 3570; x_wconf 82' lang='lat' dir='ltr'><strong>germanus</strong></span> 
     </span>
     <span class='ocr_line' id='line_1_30' title="bbox 624 3578 2924 3649; baseline 0.001 -19"><span class='ocrx_word' id='word_1_244' title='bbox 624 3579 755 3631; x_wconf 82' lang='lat' dir='ltr'><strong>Titi.</strong></span> <span class='ocrx_word' id='word_1_245' title='bbox 902 3585 970 3631; x_wconf 81' lang='lat'><strong>25</strong></span> <span class='ocrx_word' id='word_1_246' title='bbox 1009 3582 1245 3647; x_wconf 71' lang='lat' dir='ltr'><strong>Eut-top.</strong></span> <span class='ocrx_word' id='word_1_247' title='bbox 1279 3581 1403 3634; x_wconf 90' lang='lat' dir='ltr'><strong>VII</strong></span> <span class='ocrx_word' id='word_1_248' title='bbox 1422 3585 1511 3644; x_wconf 88' lang='lat'><strong>19,</strong></span> <span class='ocrx_word' id='word_1_249' title='bbox 1532 3585 1563 3632; x_wconf 83' lang='lat'><em>1</em></span> <span class='ocrx_word' id='word_1_250' title='bbox 1599 3583 1668 3632; x_wconf 90' lang='lat' dir='ltr'><strong>ut</strong></span> <span class='ocrx_word' id='word_1_251' title='bbox 1695 3579 1795 3649; x_wconf 89' lang='lat' dir='ltr'><strong>qui</strong></span> <span class='ocrx_word' id='word_1_252' title='bbox 1823 3596 1858 3633; x_wconf 88' lang='lat' dir='ltr'><strong>a</strong></span> <span class='ocrx_word' id='word_1_253' title='bbox 1887 3578 2122 3633; x_wconf 87' lang='lat' dir='ltr'><strong>Claudio</strong></span> <span class='ocrx_word' id='word_1_254' title='bbox 2151 3579 2211 3631; x_wconf 88' lang='lat' dir='ltr'><strong>in</strong></span> <span class='ocrx_word' id='word_1_255' title='bbox 2241 3579 2604 3633; x_wconf 82' lang='lat' dir='ltr'><strong>Germaniam</strong></span> <span class='ocrx_word' id='word_1_256' title='bbox 2634 3583 2692 3634; x_wconf 86' lang='lat' dir='ltr'><strong>et</strong></span> <span class='ocrx_word' id='word_1_257' title='bbox 2719 3579 2924 3633; x_wconf 79' lang='lat' dir='ltr'><strong>deinde</strong></span> 
     </span>
     <span class='ocr_line' id='line_1_31' title="bbox 622 3658 2928 3725; baseline 0 -15"><span class='ocrx_word' id='word_1_258' title='bbox 622 3658 681 3711; x_wconf 91' lang='lat' dir='ltr'><strong>in</strong></span> <span class='ocrx_word' id='word_1_259' title='bbox 720 3658 1071 3711; x_wconf 85' lang='lat' dir='ltr'><strong>Britanniam</strong></span> <span class='ocrx_word' id='word_1_260' title='bbox 1108 3660 1311 3712; x_wconf 90' lang='lat' dir='ltr'><strong>missus</strong></span> <span class='ocrx_word' id='word_1_261' title='bbox 1350 3659 1539 3713; x_wconf 87' lang='lat' dir='ltr'><strong>tricies</strong></span> <span class='ocrx_word' id='word_1_262' title='bbox 1578 3662 1636 3712; x_wconf 89' lang='lat' dir='ltr'><strong>et</strong></span> <span class='ocrx_word' id='word_1_263' title='bbox 1671 3659 1759 3713; x_wconf 86' lang='lat' dir='ltr'><strong>bis</strong></span> <span class='ocrx_word' id='word_1_264' title='bbox 1799 3677 1928 3713; x_wconf 89' lang='lat' dir='ltr'><strong>cum</strong></span> <span class='ocrx_word' id='word_1_265' title='bbox 1958 3660 2120 3713; x_wconf 86' lang='lat' dir='ltr'><strong>hoste</strong></span> <span class='ocrx_word' id='word_1_266' title='bbox 2151 3659 2477 3725; x_wconf 86' lang='lat' dir='ltr'><strong>conflixerit,</strong></span> <span class='ocrx_word' id='word_1_267' title='bbox 2517 3659 2658 3713; x_wconf 84' lang='lat' dir='ltr'><strong>duas</strong></span> <span class='ocrx_word' id='word_1_268' title='bbox 2685 3658 2928 3713; x_wconf 81' lang='lat' dir='ltr'><strong>ualidis-</strong></span> 
     </span>
     <span class='ocr_line' id='line_1_32' title="bbox 624 3739 2926 3808; baseline 0 -17"><span class='ocrx_word' id='word_1_269' title='bbox 624 3739 794 3792; x_wconf 86' lang='lat' dir='ltr'><strong>simas</strong></span> <span class='ocrx_word' id='word_1_270' title='bbox 840 3739 1061 3807; x_wconf 81' lang='lat' dir='ltr'><strong>gentes‚</strong></span> <span class='ocrx_word' id='word_1_271' title='bbox 1116 3739 1324 3808; x_wconf 83' lang='lat' dir='ltr'><strong>uiginti</strong></span> <span class='ocrx_word' id='word_1_272' title='bbox 1379 3739 1615 3808; x_wconf 83' lang='lat' dir='ltr'><strong>oppida,</strong></span> <span class='ocrx_word' id='word_1_273' title='bbox 1671 3739 1915 3794; x_wconf 88' lang='lat' dir='ltr'><strong>insulam</strong></span> <span class='ocrx_word' id='word_1_274' title='bbox 1953 3739 2187 3793; x_wconf 83' lang='lat' dir='ltr'><strong>Vectam</strong></span> <span class='ocrx_word' id='word_1_275' title='bbox 2233 3739 2562 3793; x_wconf 88' lang='lat' dir='ltr'><strong>Britanniae</strong></span> <span class='ocrx_word' id='word_1_276' title='bbox 2607 3739 2926 3808; x_wconf 85' lang='lat' dir='ltr'><strong>proximam</strong></span> 
     </span>
     <span class='ocr_line' id='line_1_33' title="bbox 622 3818 1474 3887; baseline 0.001 -16"><span class='ocrx_word' id='word_1_277' title='bbox 622 3819 860 3887; x_wconf 56' lang='lat' dir='ltr'><strong>Mperio</strong></span> <span class='ocrx_word' id='word_1_278' title='bbox 896 3819 1149 3872; x_wconf 84' lang='lat' dir='ltr'><strong>Romano</strong></span> <span class='ocrx_word' id='word_1_279' title='bbox 1188 3818 1474 3873; x_wconf 85' lang='lat' dir='ltr'><strong>adiecerit.</strong></span> 
     </span>
    </p>
   </div>
   <div class='ocr_carea' id='block_1_5' title="bbox 622 3929 1049 3940">
    <p class='ocr_par' dir='ltr' id='par_1_8' title="bbox 622 3929 1049 3940">
     <span class='ocr_line' id='line_1_34' title="bbox 622 3929 1049 3940; baseline 0 0"><span class='ocrx_word' id='word_1_280' title='bbox 622 3929 1049 3940; x_wconf 95' lang='lat' dir='ltr'><strong> </strong></span> 
     </span>
    </p>
   </div>
   <div class='ocr_carea' id='block_1_6' title="bbox 608 3996 2926 4707">
    <p class='ocr_par' dir='ltr' id='par_1_9' title="bbox 608 3996 2926 4707">
     <span class='ocr_line' id='line_1_35' title="bbox 765 3996 2926 4067; baseline 0.001 -18"><span class='ocrx_word' id='word_1_281' title='bbox 765 4002 797 4049; x_wconf 84' lang='lat'>3</span> <span class='ocrx_word' id='word_1_282' title='bbox 835 3996 1038 4050; x_wconf 86' lang='lat' dir='ltr'><strong>extulit</strong></span> <span class='ocrx_word' id='word_1_283' title='bbox 1070 3996 1217 4066; x_wconf 78' lang='lat' dir='ltr'><strong>GQS</strong></span> <span class='ocrx_word' id='word_1_284' title='bbox 1224 3999 1272 4051; x_wconf 85' lang='lat' dir='ltr'><strong><em>T</em></strong></span> <span class='ocrx_word' id='word_1_285' title='bbox 1446 4003 1477 4050; x_wconf 82' lang='lat'><strong>5</strong></span> <span class='ocrx_word' id='word_1_286' title='bbox 1517 3997 1846 4066; x_wconf 86' lang='lat' dir='ltr'><strong>appellabat</strong></span> <span class='ocrx_word' id='word_1_287' title='bbox 1879 3997 1924 4067; x_wconf 79' lang='lat' dir='ltr'><em>Q</em></span> <span class='ocrx_word' id='word_1_288' title='bbox 2103 4003 2136 4050; x_wconf 83' lang='lat'>6</span> <span class='ocrx_word' id='word_1_289' title='bbox 2174 3996 2454 4051; x_wconf 85' lang='lat' dir='ltr'><strong>Tribunus</strong></span> <span class='ocrx_word' id='word_1_290' title='bbox 2503 3997 2656 4052; x_wconf 84' lang='lat' dir='ltr'><strong>Torr.</strong></span> <span class='ocrx_word' id='word_1_291' title='bbox 2693 4003 2744 4052; x_wconf 81' lang='lat' dir='ltr'><strong>et</strong></span> <span class='ocrx_word' id='word_1_292' title='bbox 2777 3999 2859 4051; x_wconf 76' lang='lat' dir='ltr'><strong>sic</strong></span> <span class='ocrx_word' id='word_1_293' title='bbox 2893 4015 2926 4051; x_wconf 80' lang='lat' dir='ltr'><strong>e</strong></span> 
     </span>
     <span class='ocr_line' id='line_1_36' title="bbox 620 4075 2924 4145; baseline -0.001 -14"><span class='ocrx_word' id='word_1_294' title='bbox 620 4078 773 4132; x_wconf 79' lang='lat' dir='ltr'><strong>codd.</strong></span> <span class='ocrx_word' id='word_1_295' title='bbox 796 4075 876 4145; x_wconf 66' lang='grc' dir='ltr'><strong>(ἓ)</strong></span> <span class='ocrx_word' id='word_1_296' title='bbox 916 4078 1075 4143; x_wconf 83' lang='lat' dir='ltr'><strong>affert</strong></span> <span class='ocrx_word' id='word_1_297' title='bbox 1106 4077 1419 4130; x_wconf 71' lang='lat' dir='ltr'><strong>Glareanus</strong></span> <span class='ocrx_word' id='word_1_298' title='bbox 1429 4098 1449 4143; x_wconf 91' lang='lat'><em>;</em></span> <span class='ocrx_word' id='word_1_299' title='bbox 1486 4078 1555 4143; x_wconf 79' lang='lat' dir='ltr'><strong>cf.</strong></span> <span class='ocrx_word' id='word_1_300' title='bbox 1586 4078 1696 4131; x_wconf 78' lang='lat' dir='ltr'><strong>Iul.</strong></span> <span class='ocrx_word' id='word_1_301' title='bbox 1720 4080 1754 4131; x_wconf 84' lang='lat'><em>5</em></span> <span class='ocrx_word' id='word_1_302' title='bbox 1793 4078 1896 4130; x_wconf 76' lang='lat' dir='ltr'><strong>Tit.</strong></span> <span class='ocrx_word' id='word_1_303' title='bbox 1917 4081 1952 4130; x_wconf 77' lang='lat'><strong><em>4</em></strong></span> <span class='ocrx_word' id='word_1_304' title='bbox 2095 4081 2128 4130; x_wconf 86' lang='lat'>8</span> <span class='ocrx_word' id='word_1_305' title='bbox 2167 4077 2327 4131; x_wconf 87' lang='lat' dir='ltr'><strong>illam</strong></span> <span class='ocrx_word' id='word_1_306' title='bbox 2364 4077 2516 4130; x_wconf 77' lang='lat' dir='ltr'><strong>Torr.</strong></span> <span class='ocrx_word' id='word_1_307' title='bbox 2547 4075 2924 4144; x_wconf 78' lang='lat' dir='ltr'><strong>(aedilitatem</strong></span> 
     </span>
     <span class='ocr_line' id='line_1_37' title="bbox 613 4157 2926 4227; baseline -0.001 -15"><span class='ocrx_word' id='word_1_308' title='bbox 613 4161 935 4226; x_wconf 70' lang='lat' dir='ltr'><strong>praeiwat</strong></span> <span class='ocrx_word' id='word_1_309' title='bbox 976 4157 1326 4226; x_wconf 71' lang='lat' dir='ltr'><strong>Glareanus),</strong></span> <span class='ocrx_word' id='word_1_310' title='bbox 1378 4157 1550 4210; x_wconf 83' lang='lat' dir='ltr'><strong>etiam</strong></span> <span class='ocrx_word' id='word_1_311' title='bbox 1587 4159 1658 4222; x_wconf 75' lang='grc' dir='ltr'><strong>Ω,</strong></span> <span class='ocrx_word' id='word_1_312' title='bbox 1695 4172 1823 4210; x_wconf 88' lang='lat' dir='ltr'><strong>eam</strong></span> <span class='ocrx_word' id='word_1_313' title='bbox 1858 4157 2111 4227; x_wconf 64' lang='lat' dir='ltr'><strong>Pighius,</strong></span> <span class='ocrx_word' id='word_1_314' title='bbox 2149 4157 2250 4211; x_wconf 84' lang='lat' dir='ltr'><strong>sed</strong></span> <span class='ocrx_word' id='word_1_315' title='bbox 2287 4171 2411 4209; x_wconf 88' lang='lat' dir='ltr'><strong>eam</strong></span> <span class='ocrx_word' id='word_1_316' title='bbox 2449 4157 2540 4210; x_wconf 75' lang='lat' dir='ltr'><strong>uel</strong></span> <span class='ocrx_word' id='word_1_317' title='bbox 2577 4159 2636 4210; x_wconf 88' lang='lat' dir='ltr'><strong>et</strong></span> <span class='ocrx_word' id='word_1_318' title='bbox 2671 4171 2794 4210; x_wconf 80' lang='lat' dir='ltr'><strong>eam</strong></span> <span class='ocrx_word' id='word_1_319' title='bbox 2835 4158 2926 4210; x_wconf 79' lang='lat' dir='ltr'><strong>uel</strong></span> 
     </span>
     <span class='ocr_line' id='line_1_38' title="bbox 621 4235 2925 4306; baseline 0 -16"><span class='ocrx_word' id='word_1_320' title='bbox 621 4241 680 4290; x_wconf 88' lang='lat' dir='ltr'><strong>et</strong></span> <span class='ocrx_word' id='word_1_321' title='bbox 714 4237 873 4292; x_wconf 89' lang='lat' dir='ltr'><strong>illam</strong></span> <span class='ocrx_word' id='word_1_322' title='bbox 912 4239 1018 4291; x_wconf 79' lang='lat' dir='ltr'><strong>alii</strong></span> <span class='ocrx_word' id='word_1_323' title='bbox 1132 4242 1163 4288; x_wconf 86' lang='grc'><strong>9</strong></span> <span class='ocrx_word' id='word_1_324' title='bbox 1204 4253 1262 4290; x_wconf 86' lang='lat' dir='ltr'><strong>es</strong></span> <span class='ocrx_word' id='word_1_325' title='bbox 1294 4237 1369 4289; x_wconf 87' lang='lat' dir='ltr'><em>M</em></span> <span class='ocrx_word' id='word_1_326' title='bbox 1488 4236 1611 4290; x_wconf 90' lang='lat' dir='ltr'><strong>loco</strong></span> <span class='ocrx_word' id='word_1_327' title='bbox 1637 4243 1772 4306; x_wconf 77' lang='lat' dir='ltr'><strong>&#39;post</strong></span> <span class='ocrx_word' id='word_1_328' title='bbox 1807 4237 2077 4305; x_wconf 83' lang='lat' dir='ltr'><strong>sextoque</strong></span> <span class='ocrx_word' id='word_1_329' title='bbox 2102 4237 2355 4291; x_wconf 76' lang='lat' dir='ltr'><strong>exhibent</strong></span> <span class='ocrx_word' id='word_1_330' title='bbox 2379 4237 2646 4306; x_wconf 72' lang='lat' dir='ltr'><em>Y(uu19.)</em></span> <span class='ocrx_word' id='word_1_331' title='bbox 2773 4235 2925 4290; x_wconf 86' lang='lat' dir='ltr'><strong>hanc</strong></span> 
     </span>
     <span class='ocr_line' id='line_1_39' title="bbox 620 4315 2812 4387; baseline -0 -15"><span class='ocrx_word' id='word_1_332' title='bbox 620 4319 853 4386; x_wconf 76' lang='lat' dir='ltr'><strong>Bentley</strong></span> <span class='ocrx_word' id='word_1_333' title='bbox 888 4317 1149 4387; x_wconf 77' lang='lat' dir='ltr'><strong>(Duker),</strong></span> <span class='ocrx_word' id='word_1_334' title='bbox 1197 4333 1262 4370; x_wconf 88' lang='lat' dir='ltr'><strong>ac</strong></span> <span class='ocrx_word' id='word_1_335' title='bbox 1300 4319 1377 4383; x_wconf 75' lang='grc' dir='ltr'><strong>Ω,</strong></span> <span class='ocrx_word' id='word_1_336' title='bbox 1425 4320 1485 4370; x_wconf 89' lang='lat' dir='ltr'><strong>at</strong></span> <span class='ocrx_word' id='word_1_337' title='bbox 1527 4318 1866 4381; x_wconf 71' lang='lat' dir='ltr'><strong>Glareanus,</strong></span> <span class='ocrx_word' id='word_1_338' title='bbox 1915 4318 1976 4369; x_wconf 87' lang='lat' dir='ltr'><strong>at</strong></span> <span class='ocrx_word' id='word_1_339' title='bbox 2011 4317 2159 4371; x_wconf 88' lang='lat' dir='ltr'><strong>hanc</strong></span> <span class='ocrx_word' id='word_1_340' title='bbox 2201 4317 2341 4372; x_wconf 79' lang='lat' dir='ltr'><strong>Oud.</strong></span> <span class='ocrx_word' id='word_1_341' title='bbox 2491 4321 2558 4369; x_wconf 91' lang='lat'><strong>10</strong></span> <span class='ocrx_word' id='word_1_342' title='bbox 2593 4318 2722 4385; x_wconf 71' lang='lat' dir='ltr'><strong>pter</strong></span> <span class='ocrx_word' id='word_1_343' title='bbox 2760 4315 2812 4370; x_wconf 85' lang='lat' dir='ltr'><strong>G·</strong></span> 
     </span>
     <span class='ocr_line' id='line_1_40' title="bbox 618 4395 2926 4468; baseline 0 -18"><span class='ocrx_word' id='word_1_344' title='bbox 618 4396 899 4451; x_wconf 79' lang='lat' dir='ltr'><strong>infensum</strong></span> <span class='ocrx_word' id='word_1_345' title='bbox 936 4398 1196 4465; x_wconf 73' lang='lat' dir='ltr'><strong>Lipsius,</strong></span> <span class='ocrx_word' id='word_1_346' title='bbox 1250 4395 1500 4450; x_wconf 84' lang='lat' dir='ltr'><strong>infensus</strong></span> <span class='ocrx_word' id='word_1_347' title='bbox 1542 4396 1832 4463; x_wconf 83' lang='lat' dir='ltr'><em>MXH&#39;R,</em></span> <span class='ocrx_word' id='word_1_348' title='bbox 1887 4395 2136 4450; x_wconf 84' lang='lat' dir='ltr'><strong>infensos</strong></span> <span class='ocrx_word' id='word_1_349' title='bbox 2187 4396 2380 4468; x_wconf 76' lang='lat' dir='ltr'><strong>GH¹Q</strong></span> <span class='ocrx_word' id='word_1_350' title='bbox 2541 4401 2610 4450; x_wconf 81' lang='lat'><strong>14</strong></span> <span class='ocrx_word' id='word_1_351' title='bbox 2663 4397 2748 4450; x_wconf 83' lang='lat' dir='ltr'><strong>est</strong></span> <span class='ocrx_word' id='word_1_352' title='bbox 2783 4397 2926 4467; x_wconf 73' lang='lat'>11¹0</span> 
     </span>
     <span class='ocr_line' id='line_1_41' title="bbox 623 4475 2923 4548; baseline -0 -18"><span class='ocrx_word' id='word_1_353' title='bbox 623 4482 687 4530; x_wconf 81' lang='lat'><strong>16</strong></span> <span class='ocrx_word' id='word_1_354' title='bbox 725 4475 1073 4530; x_wconf 86' lang='lat' dir='ltr'><strong>sabracensis</strong></span> <span class='ocrx_word' id='word_1_355' title='bbox 1112 4477 1241 4541; x_wconf 86' lang='lat' dir='ltr'><strong>LT,</strong></span> <span class='ocrx_word' id='word_1_356' title='bbox 1288 4477 1539 4530; x_wconf 87' lang='lat' dir='ltr'><strong>scabrat-</strong></span> <span class='ocrx_word' id='word_1_357' title='bbox 1576 4477 1721 4542; x_wconf 75' lang='lat'>12¹8,</span> <span class='ocrx_word' id='word_1_358' title='bbox 1767 4477 1980 4530; x_wconf 87' lang='lat' dir='ltr'><strong>sabiat-</strong></span> <span class='ocrx_word' id='word_1_359' title='bbox 2017 4477 2125 4548; x_wconf 75' lang='lat' dir='ltr'><strong>HQ</strong></span> <span class='ocrx_word' id='word_1_360' title='bbox 2285 4475 2589 4530; x_wconf 81' lang='lat' dir='ltr'><strong>delicatam</strong></span> <span class='ocrx_word' id='word_1_361' title='bbox 2629 4477 2742 4542; x_wconf 77' lang='lat' dir='ltr'><strong>M1,</strong></span> <span class='ocrx_word' id='word_1_362' title='bbox 2779 4475 2923 4530; x_wconf 83' lang='lat' dir='ltr'><strong>deli-</strong></span> 
     </span>
     <span class='ocr_line' id='line_1_42' title="bbox 620 4555 2920 4626; baseline 0 -18"><span class='ocrx_word' id='word_1_363' title='bbox 620 4557 811 4624; x_wconf 83' lang='lat' dir='ltr'><strong>gatam</strong></span> <span class='ocrx_word' id='word_1_364' title='bbox 844 4555 1062 4623; x_wconf 72' lang='lat' dir='ltr'><em>M‘LT,</em></span> <span class='ocrx_word' id='word_1_365' title='bbox 1099 4555 1421 4626; x_wconf 83' lang='lat' dir='ltr'><strong>delegatam</strong></span> <span class='ocrx_word' id='word_1_366' title='bbox 1454 4557 1658 4612; x_wconf 72' lang='lat' dir='ltr'><strong><em>GTPS</em></strong></span> <span class='ocrx_word' id='word_1_367' title='bbox 1791 4561 1857 4610; x_wconf 87' lang='lat'><strong>18</strong></span> <span class='ocrx_word' id='word_1_368' title='bbox 1883 4555 2120 4610; x_wconf 70' lang='lat' dir='ltr'><strong>liberale</strong></span> <span class='ocrx_word' id='word_1_369' title='bbox 2151 4555 2366 4610; x_wconf 86' lang='lat' dir='ltr'><strong>ferente</strong></span> <span class='ocrx_word' id='word_1_370' title='bbox 2399 4557 2451 4612; x_wconf 78' lang='lat' dir='ltr'><strong><em>G</em></strong></span> <span class='ocrx_word' id='word_1_371' title='bbox 2589 4560 2657 4608; x_wconf 78' lang='lat'><strong>28</strong></span> <span class='ocrx_word' id='word_1_372' title='bbox 2685 4555 2920 4609; x_wconf 85' lang='lat' dir='ltr'><strong>missam</strong></span> 
     </span>
     <span class='ocr_line' id='line_1_43' title="bbox 608 4635 2098 4707; baseline 0 -18"><span class='ocrx_word' id='word_1_373' title='bbox 608 4641 739 4704; x_wconf 76' lang='lat' dir='ltr'><strong>post</strong></span> <span class='ocrx_word' id='word_1_374' title='bbox 771 4649 943 4688; x_wconf 87' lang='lat' dir='ltr'><strong>manu</strong></span> <span class='ocrx_word' id='word_1_375' title='bbox 979 4636 1109 4689; x_wconf 85' lang='lat' dir='ltr'><strong>add.</strong></span> <span class='ocrx_word' id='word_1_376' title='bbox 1143 4635 1212 4701; x_wconf 77' lang='lat' dir='ltr'><strong>G,</strong></span> <span class='ocrx_word' id='word_1_377' title='bbox 1248 4637 1477 4689; x_wconf 82' lang='lat' dir='ltr'><strong>missam</strong></span> <span class='ocrx_word' id='word_1_378' title='bbox 1508 4653 1614 4704; x_wconf 78' lang='lat' dir='ltr'><strong>pro</strong></span> <span class='ocrx_word' id='word_1_379' title='bbox 1649 4637 1831 4707; x_wconf 73' lang='lat' dir='ltr'><strong>ylossa</strong></span> <span class='ocrx_word' id='word_1_380' title='bbox 1868 4637 2043 4690; x_wconf 61' lang='lat' dir='ltr'><strong>adeor.</strong></span> <span class='ocrx_word' id='word_1_381' title='bbox 2072 4655 2098 4689; x_wconf 89' lang='grc' dir='ltr'><em>ε</em></span> 
     </span>
    </p>
   </div>
  </div>
 </body>
</html>
