3259 5209
1031 402 1248 456 Dwvs
1288 402 1644 457 CLAvmvs
1684 415 1813 464 [m.
1846 415 1967 464 1—-81
2518 393 2643 468 201

233 584 406 623 21⁰⁸-
421 581 466 620 c·
543 564 844 630 Claudius
891 571 1081 630 natus
1136 570 1234 630 est
1287 565 1455 631 Iullo
1505 565 1791 631 Antonio
1838 565 2039 632 Fabio
2086 566 2393 632 Africano
2440 589 2645 632 conss,
2676 565 2721 630 ⁶2

355 673 500 738 Kal.
539 672 705 759 Aug.
742 673 1090 759 Luguduni
1139 696 1213 738 eo
1263 676 1402 758 ipso
1442 673 1544 738 die
1582 696 1712 757 quo
1750 675 2032 758 primuni
2072 697 2181 738 ara
2227 674 2317 738 ibi
2356 673 2651 762 Augusto

357 782 650 846 dedicata
705 785 830 864 est,
884 781 1374 865 appellatusque
1430 781 1727 846 Tiberius
1785 781 2088 846 Claudius
2142 781 2409 845 Drusus.
2504 802 2652 845 mox

355 888 560 952 fratre
605 889 844 952 maiore
891 889 960 951 in
1005 887 1234 952 Iuliam
1293 887 1604 952 familiam
1656 888 1961 972 adoptato
2011 887 2373 952 Germanici
2422 910 2655 974 cogno·

303 1018 328 1057 5
359 1017 510 1059 men
567 996 932 1079 assumpsit.
1018 995 1230 1059 infans
1287 999 1500 1059 autem
1557 995 1820 1059 relictus
1868 1017 1907 1058 a
1948 997 2131 1078 patre
2189 1016 2261 1058 ac
2307 1015 2422 1078 per
2467 1015 2655 1059 omne

359 1103 496 1165 fere
541 1102 854 1185 pueritiae
901 1105 1096 1184 atque
1141 1101 1610 1166 adulescentiae
1667 1106 1922 1185 tempus
1970 1103 2166 1165 uariis
2214 1107 2277 1165 et
2323 1102 2655 1166 tenacibus

361 1209 606 1273 morbis
653 1209 1058 1272 conflictatus
1109 1212 1232 1292 est,
1289 1209 1446 1272 adeo
1493 1214 1568 1272 ut
1613 1210 1829 1274 animo
1888 1211 2079 1273 simul
2124 1214 2189 1272 et
2235 1230 2503 1292 corpore
2550 1210 2657 1272 he-

362 1315 582 1378 betato
643 1337 722 1380 ne
780 1336 1124 1400 progressa
1185 1315 1442 1398 quidem
1504 1319 1713 1379 aetate
1772 1315 1891 1378 ulli
1951 1315 2211 1399 publico
2272 1317 2657 1399 priuatoque

365 1422 614 1486 muneri
669 1421 902 1487 habilis
958 1423 1448 1486 existimaretur.
1532 1422 1644 1486 diu
1692 1427 1885 1505 atque
1942 1424 2133 1487 etiam
2190 1427 2341 1506 post
2386 1423 2655 1486 tutelam
2696 1437 2731 1484 2

281 1550 335 1589 ιο
365 1533 689 1612 receptam
755 1528 946 1594 alieni
1013 1529 1262 1594 arbitrii
1328 1535 1392 1594 et
1448 1531 1566 1594 sub
1631 1530 2007 1615 paedagogo
2062 1531 2211 1594 fuit:
2274 1550 2463 1612 quem
2520 1531 2659 1592 bar-

365 1637 592 1700 barum
640 1641 704 1699 et
750 1635 905 1700 olim
953 1637 1602 1720 superiumentarium
1643 1659 1720 1700 ex
1760 1637 2074 1700 industria
2111 1637 2234 1701 sibi
2272 1637 2660 1719 appositum,

369 1746 442 1808 ut
501 1765 572 1806 se
635 1743 1148 1826 quibuscumque
1214 1743 1291 1806 de
1355 1744 1564 1808 causis
1631 1765 1823 1826 quam
1892 1743 2263 1808 saeuissime
2327 1747 2662 1824 coerceret,

369 1853 508 1934 ipse
573 1850 850 1932 quodam
914 1849 1136 1914 libello
1201 1850 1637 1934 conqueritur.
1722 1850 1805 1914 ob
1868 1849 2033 1914 hanc
2096 1849 2363 1914 eandem
2430 1850 2661 1913 ualitu-

370 1958 584 2022 dinem
633 1961 698 2020 et
751 1956 1138 2042 gladiatorio
1184 1979 1465 2040 munere,
1512 1957 1688 2040 quod
1744 1957 1937 2021 simul
1994 1979 2137 2021 cum
2184 1957 2383 2022 fratre
2430 1977 2665 2020 memo-

287 2081 340 2122 15
369 2065 503 2128 riae
549 2065 752 2147 patris
800 2063 1054 2146 edebat,
1100 2065 1470 2148 aniolatus
1515 2085 1689 2127 nouo
1737 2085 1915 2128 more
1961 2063 2309 2148 praesedit3
2366 2068 2429 2127 et
2475 2067 2665 2147 togae

369 2171 580 2234 uirilis
626 2170 728 2234 die
783 2171 950 2234 circa
995 2171 1268 2235 mediam
1323 2153 1580 2236 noctem
1640 2171 1778 2235 sine
1827 2171 2124 2235 sollemni
2173 2171 2390 2236 officio
2438 2170 2665 2234 lectica

373 2279 440 2341 in
505 2275 896 2360 Capitolium
969 2279 1140 2342 latus
1206 2283 1318 2342 est.
1421 2277 1779 2361 disciplinis
1854 2282 2071 2342 tamen
2144 2276 2519 2342 liberalibus
2584 2277 2663 2340 ab
2696 2270 2741 2336 3

371 2387 581 2448 aetate
633 2384 844 2466 prima
897 2405 1028 2449 non
1076 2385 1462 2448 mediocrem
1519 2406 1777 2467 operam
1836 2383 2011 2448 dedit
2068 2405 2141 2448 ac
2188 2407 2376 2467 saepe
2424 2385 2665 2468 experi-

373 2494 592 2554 menta
635 2491 944 2574 cuiusque
992 2492 1184 2555 etiam
1222 2491 1598 2575 publicauit.
1683 2513 1907 2554 uerum
1948 2513 2029 2554 ne
2067 2493 2160 2556 sic
2198 2491 2455 2574 quidem
2496 2492 2669 2574 quic-

291 2615 348 2654 20
376 2619 569 2681 quam
635 2596 970 2682 dignitatis
1033 2597 1288 2680 assequi
1355 2601 1466 2660 aut
1531 2619 1712 2680 spem
1778 2597 1856 2660 de
1922 2620 1986 2661 se
2046 2597 2543 2662 commodiorem
2603 2598 2669 2661 in

375 2709 708 2788 posterum
754 2703 964 2767 facere
1010 2704 1242 2786 potuit.

555 2809 765 2874 Mater
826 2809 1114 2874 Antonia
1180 2815 1620 2894 portentum
1690 2833 1853 2874 eum
1916 2810 2253 2874 hominis
2310 2811 2667 2894 dictitabat,
2706 2821 2739 2866 2

375 2940 514 2982 nec
559 2916 998 2982 absolutum
1039 2941 1076 2981 a
1109 2923 1413 3001 natura,
1461 2917 1589 2982 sed
1635 2921 1937 2981 tantum
1986 2915 2455 3000 incohatum3
2505 2939 2579 2981 ac
2617 2919 2671 2981 si

379 3047 571 3109 quem
593 3023 920 3088 socordiae
939 3025 1713 3108 argueret,stultiorem
1734 3025 1945 3088 aiebat
1972 3025 2149 3088 filio
2172 3046 2305 3088 suo
2328 3021 2670 3088 Claudio.

295 3145 350 3185 ²⁶
377 3132 528 3195 auia
563 3130 860 3216 Augusta
895 3153 1014 3214 pro
1055 3131 1537 3214 despectissimo
1577 3153 1830 3214 semper
1866 3129 2113 3213 habuit,
2158 3153 2289 3193 non
2327 3132 2507 3194 affari
2546 3133 2673 3194 nisi

381 3237 736 3320 rarissime,
789 3259 920 3302 non
975 3258 1235 3301 monere
1289 3238 1416 3301 nisi
1472 3237 1703 3301 acerbo
1759 3242 1825 3301 et
1881 3237 2064 3301 breui
2113 3239 2353 3320 scripto
2404 3245 2513 3300 aut
2558 3261 2677 3320 per

382 3346 815 3410 internuntios
877 3344 1084 3408 solita.
1187 3367 1369 3408 soror
1433 3343 1671 3409 Liuilla
1734 3367 1877 3409 cum
1946 3344 2228 3409 audisset
2293 3344 2677 3428 quandoque

383 3453 877 3536 imperaturum,
943 3453 1074 3514 tam
1141 3453 1426 3534 iniquam
1492 3457 1556 3516 et
1613 3457 1745 3514 tam
1812 3452 2139 3537 indignam
2200 3455 2436 3517 sortem
2492 3475 2551 3535 p.
2602 3451 2675 3515 R.

383 3559 598 3642 palam
646 3563 709 3623 et
755 3558 922 3622 clare
971 3558 1284 3622 detestata
1321 3565 1434 3623 est.
1517 3582 1666 3622 nam
1706 3560 2061 3623 auunculus
2100 3561 2307 3623 maior
2343 3559 2678 3645 Augustus

301 3678 356 3717 ³⁰
387 3667 542 3749 quid
605 3665 684 3728 de
747 3687 822 3729 eo
887 3665 956 3730 in
1020 3671 1358 3748 utramque
1414 3669 1661 3749 partem
1726 3665 2026 3749 opinatus
2085 3668 2195 3749 sit,
2262 3689 2387 3750 quo
2447 3668 2679 3730 certius

388 3776 830 3858 cognoscatur,
877 3773 1090 3857 capita
1136 3795 1212 3836 ex
1260 3774 1466 3856 ipsius
1514 3774 1808 3856 epistulis
1856 3775 2060 3856 posui.

385 3900 499 3906 -----
536 3899 647 3906 ————
688 3901 735 3904 —

533 3970 562 4017 7
615 3966 796 4019 Victor
825 3967 973 4021 Caes.
1000 3969 1059 4032 4,
1083 3971 1112 4019 1
1150 3982 1346 4018 uecors
1383 3966 1541 4018 iuxta
1581 3969 1751 4032 atque
1789 3966 2096 4019 immemor.
2158 3966 2309 4034 Epit.
2335 3971 2391 4028 4,
2415 3971 2448 4019 3
2487 3982 2680 4018 uecors

389 4049 444 4099 et
483 4061 656 4114 prope
693 4045 879 4099 hebes.

534 4221 560 4268 1
601 4214 740 4268 iulio
765 4218 834 4280 Ω,
869 4213 990 4267 Iulo
1021 4215 1374 4268 Pulmannus
1495 4221 1526 4267 5
1568 4231 1632 4266 ac
1672 4216 1855 4267 malim
1896 4217 2074 4268 abesse
2198 4221 2225 4267 7
2268 4219 2352 4268 est
2388 4216 2486 4267 del.
2512 4216 2679 4267 Rem-

389 4296 475 4366 Iey
574 4299 606 4347 8
635 4294 934 4363 priuatoue
954 4311 987 4353 ς
1017 4295 1293 4362 (Casaub.)
1396 4301 1425 4346 9
1457 4311 1685 4348 munere
1708 4295 1871 4348 MG&
1965 4302 2025 4348 11
2060 4296 2563 4363 supermentarium
2588 4295 2655 4346 M
2666 4295 2682 4324 ¹

393 4383 457 4428 12
497 4391 666 4444 quam
705 4392 805 4429 om.
841 4375 891 4429 G
1013 4381 1078 4428 19
1117 4391 1218 4426 nec
1251 4375 1316 4428 Μ
1329 4375 1456 4427 ¹1>T
1569 4381 1637 4426 24
1677 4375 1866 4427 claudi
1898 4375 1981 4442 (-ii
2017 4379 2085 4427 (ι’.
2112 4377 2305 4444 MGQ,
2348 4377 2464 4428 item
2504 4376 2584 4428 Π1
2626 4383 2683 4429 nt

389 4457 526 4522 αἰῶ,
564 4456 661 4508 ubi
699 4472 730 4508 ο
767 4463 845 4509 est
879 4457 938 4508 in
979 4471 1086 4508 ras.
1119 4473 1184 4508 m.
1215 4459 1253 4507 2
1408 4459 1472 4507 27
1514 4454 1656 4507 liuia
1690 4455 1738 4508 G
1879 4461 1944 4508 28
1982 4459 2344 4524 regnaturum
2380 4457 2429 4509 G
2566 4461 2679 4509 tam

383 4528 660 4594 posterius
694 4543 796 4580 om.
831 4527 924 4585 Ge
1071 4531 1138 4579 29
1177 4530 1234 4579 et
1265 4533 1388 4594 post
1425 4542 1557 4579 nam
1595 4526 1724 4579 add.
1748 4530 1794 4578 T
1827 4529 2015 4596 (παῖς.)
2162 4533 2225 4579 31
2268 4531 2605 4596 agnoscatur
2638 4532 2688 4578 X
