3259 5209
1253 445 1453 500 NERO
1493 457 1624 506 [car.
1656 459 1831 508 34-361
2557 449 2688 512 255

568 607 840 673 Nullum
887 609 1044 672 adeo
1091 609 1579 672 necessitudinis
1627 631 1829 694 genus
1878 614 2000 694 est,
2058 611 2229 692 quod
2272 631 2405 674 non
2452 610 2687 674 scelere
2726 629 2761 676 4

385 715 748 800 perculerit.
851 715 1202 780 Antoniam
1261 713 1486 779 Claudi
1551 716 1780 799 filiam,
1844 722 2245 781 recusantem
2310 722 2459 801 post
2521 717 2685 800 Pop-

384 845 586 906 paeae
644 827 918 886 mortem
983 823 1244 906 nuptias
1305 844 1479 904 suas,
1541 823 1722 904 quasi
1786 823 2171 887 molitricem
2230 846 2544 888 nouarum
2590 847 2685 888 re-

383 951 530 992 rum
583 929 936 1012 interemit3
999 927 1296 992 similiter
1351 927 1575 1013 [inter]
1633 935 1880 994 ceteros
1937 934 2049 992 aut
2096 929 2411 995 affinitate
2468 930 2687 1014 aliqua

335 1063 358 1100 5
389 1034 516 1098 sibi
563 1040 676 1098 aut
721 1035 1204 1119 propinquitate
1243 1035 1647 1120 coniunctos3
1694 1037 1763 1100 in
1801 1035 2035 1120 quibus
2072 1035 2315 1100 Aulum
2352 1036 2679 1100 Plautium

383 1142 710 1225 iuuenem,
777 1164 968 1225 quem
1034 1163 1178 1206 cum
1243 1146 1392 1204 ante
1454 1147 1729 1206 mortem
1794 1165 1907 1225 per
1971 1144 2105 1206 uim
2171 1150 2683 1226 conspurcasset:

383 1253 506 1312 eat
551 1270 775 1333 nunc,
822 1248 1052 1332 inquit,
1099 1252 1339 1311 mater
1381 1269 1540 1312 mea
1586 1252 1661 1312 et
1707 1269 2225 1314 successorem
2275 1271 2515 1313 meum
2563 1271 2679 1313 os-

381 1353 712 1439 culetur,
759 1357 1003 1419 iactans
1062 1354 1366 1418 dilectum
1424 1355 1504 1418 ab
1553 1377 1626 1419 ea
1674 1360 1739 1418 et
1792 1356 1869 1420 ad
1920 1377 2099 1439 spem
2147 1356 2403 1438 imperii
2451 1356 2682 1439 impul-

383 1483 542 1525 sum.
620 1462 992 1546 priuignum
1029 1460 1327 1525 Rufrium
1369 1459 1737 1545 Crispinum
1775 1461 2074 1546 Poppaea
2110 1467 2353 1545 natum,
2392 1463 2679 1545 impube·
2719 1481 2755 1526 5

299 1596 352 1634 ιο
381 1591 518 1631 rem
566 1567 792 1652 adhuc,
839 1568 992 1651 quia
1026 1567 1355 1632 ferebatur
1393 1567 1659 1632 ducatus
1700 1574 1763 1632 et
1800 1569 2071 1651 imperia
2107 1568 2344 1650 ludere,
2390 1591 2679 1653 mergen-

381 1674 534 1737 dum
572 1674 752 1756 mari,
792 1674 942 1738 dum
981 1675 1353 1757 piscaretur,
1401 1675 1604 1738 seruis
1644 1676 1847 1758 ipsius
1886 1676 2313 1739 demandauit.
2397 1675 2677 1739 Tuscum

379 1781 652 1844 nutricis
700 1780 908 1845 filium
953 1781 1295 1864 relegauit,
1357 1780 1527 1864 quod
1577 1782 1645 1844 in
1691 1783 2139 1865 procuratione
2190 1781 2469 1866 Aegypti
2516 1783 2678 1846 bali-

377 1889 517 1950 neis
587 1887 648 1950 in
716 1888 1064 1951 aduentum
1133 1909 1318 1950 suum
1387 1887 1696 1950 extructis
1760 1887 2041 1950 lauisset.
2137 1885 2443 1952 Senecam
2498 1910 2677 1970 prae-

377 1999 704 2077 ceptorem
753 1994 833 2056 ad
878 2015 1094 2058 necem
1145 1993 1475 2077 compulit,
1524 1994 1821 2076 quamuis
1870 2016 2056 2077 saepe
2094 2001 2521 2058 commeatum
2568 2017 2677 2076 pe-

298 2126 348 2164 15
381 2102 545 2165 tenti
590 2101 906 2184 bonisque
953 2100 1198 2164 cedenti
1240 2105 1575 2184 persancte
1612 2100 1889 2165 iurasset
1926 2106 2291 2184 suspectum
2332 2122 2397 2164 se
2436 2101 2677 2164 frustra

377 2207 867 2291 periturumque
904 2206 1122 2289 potius
1171 2228 1362 2289 quam
1399 2207 1767 2270 nociturum
1806 2207 1882 2270 ei.
1965 2205 2173 2270 Burro
2218 2207 2541 2290 praefecto
2581 2230 2671 2270 re-

379 2313 659 2376 medium
687 2312 1000 2376 adfauces
1029 2311 1360 2395 pollicitus
1381 2313 1668 2377 toxicum
1688 2313 1883 2376 misit.
1941 2313 2209 2377 libertos
2243 2313 2475 2378 diuites
2496 2319 2561 2376 et
2580 2336 2673 2378 se-

375 2441 507 2501 neS,
537 2419 692 2484 olim
716 2419 1082 2502 adoptionis
1104 2441 1256 2482 mox
1285 2420 1743 2484 dominationis
1765 2441 1917 2482 suae
1946 2420 2229 2484 fautores
2259 2426 2451 2504 atque
2471 2425 2673 2485 recto-

376 2547 496 2606 res,
543 2547 790 2589 ueneno
829 2525 1067 2609 partim
1107 2525 1268 2589 cibis
1305 2527 1543 2608 partim
1581 2525 1957 2608 potionibus
1997 2525 2203 2589 indito
2249 2526 2603 2610 intercepit.

292 2658 345 2696 so
551 2631 690 2695 Nec
748 2634 994 2696 minore
1056 2632 1324 2695 saeuitia
1379 2633 1540 2696 foris
1602 2636 1667 2694 et
1729 2633 1795 2694 in
1857 2637 2112 2696 exteros
2167 2638 2497 2716 grassatus
2554 2631 2783 2698 estssss

371 2738 562 2802 stella
619 2739 876 2822 crinita,
932 2761 1094 2821 quae
1151 2739 1419 2804 summis
1474 2739 1907 2822 potestatibus
1963 2738 2233 2803 exitium
2290 2739 2670 2822 portendere

370 2844 572 2930 uulgo
629 2849 924 2928 putatur,
984 2869 1098 2929 per
1155 2846 1490 2908 continuas
1551 2851 1773 2909 noctes
1832 2845 1984 2910 oriri
2042 2850 2357 2927 coeperat.
2440 2846 2669 2909 anxius

371 2973 446 3014 ea
508 2973 603 3032 re,
669 2956 742 3014 ut
806 2975 882 3016 ex
951 2951 1232 3015 Balbillo
1299 2951 1626 3037 astrologo
1686 2952 1938 3035 didicit,
2004 2952 2208 3016 solere
2272 2974 2455 3037 reges
2512 2952 2671 3015 talia

372 3062 624 3120 ostenta
670 3059 860 3123 caede
907 3057 1122 3142 aliqua
1170 3057 1407 3122 illustri
1457 3058 1712 3141 expiare
1769 3064 1963 3142 atque
2011 3081 2048 3120 a
2094 3062 2295 3121 semet
2342 3059 2410 3120 in
2456 3061 2672 3140 capita

289 3189 341 3228 ει
369 3185 702 3247 procerum
772 3164 1112 3249 depellere,
1187 3163 1590 3229 nobilissimo
1660 3167 1888 3247 cuique
1955 3165 2225 3228 exitium
2293 3164 2673 3247 destinauit3

370 3271 698 3334 enimuero
757 3272 960 3334 multo
1016 3272 1224 3355 magis
1283 3277 1346 3334 et
1405 3272 1585 3355 quasi
1642 3294 1756 3354 per
1811 3271 2045 3334 iustam
2106 3293 2359 3334 causam
2418 3271 2668 3335 duabus

515 3453 558 3498 1.
591 3450 623 3497 4
667 3446 815 3500 Oros.
851 3446 974 3500 VII
1003 3451 1052 3510 7,
1084 3451 1118 3500 9
1168 3449 1492 3512 ceterosque
1531 3463 1722 3499 omnes
1762 3449 2031 3515 cognatos
2068 3451 2127 3500 et
2165 3446 2505 3514 propinquos
2544 3445 2667 3500 sine

365 3523 743 3578 haesitatione
781 3526 1102 3594 prostrauit.
1252 3531 1280 3578 2
1323 3527 1493 3580 Schol.
1527 3529 1655 3580 Iun.
1687 3533 1750 3591 8,
1777 3531 1887 3580 213
1917 3543 1950 3579 a
1991 3526 2212 3580 Nerone
2357 3527 2541 3579 occisa
2581 3530 2666 3578 est

368 3650 380 3661 .
413 3645 426 3657 .
458 3645 469 3656 .
510 3604 756 3657 Antonia
804 3603 1026 3658 Claudii
1068 3605 1211 3672 filia,
1266 3622 1409 3674 quae
1457 3604 1542 3658 illi
1588 3621 1690 3674 pro
1738 3606 1937 3658 harum
1983 3610 2161 3660 morte
2208 3606 2417 3659 nubere
2465 3605 2664 3658 noluit.

367 3691 434 3738 26
451 3702 570 3752 sqq.
613 3685 794 3738 Victor
835 3685 980 3739 Caes.
1014 3691 1064 3750 5,
1095 3690 1164 3739 13
1213 3702 1336 3738 cum
1376 3702 1538 3738 omne
1579 3685 1667 3738 ius
1710 3685 1908 3754 fasque
1951 3686 2255 3753 parricidio
2294 3685 2545 3739 triuisset
2597 3702 2663 3738 ac

365 3764 547 3834 magis
584 3764 878 3834 magisque
917 3765 974 3816 in
1023 3765 1263 3833 optimos
1304 3766 1639 3832 saeuiretur‚
1694 3765 2057 3819 coniurauere
2094 3765 2283 3835 plures
2321 3766 2482 3818 uaria
2529 3783 2663 3818 sane

365 3847 699 3912 tempestate
747 3845 818 3896 ad
856 3844 1206 3897 liberandam
1252 3861 1370 3898 rem
1409 3843 1710 3913 publicam.
1780 3846 1903 3912 quis
1952 3845 2189 3913 proditis
2234 3846 2521 3912 caesisque
2559 3865 2659 3913 (ηε.

449 4051 454 4054 -
505 4017 536 4063 4
576 4012 724 4065 inter
751 4013 880 4080 (pro
909 4030 1014 4080 quo
1043 4013 1330 4065 interemit
1357 4016 1445 4067 uel
1472 4013 1608 4066 item
1638 4021 1715 4067 est
1742 4016 1803 4066 in
1833 4015 1885 4081 ς)
1917 4014 2200 4066 delendum
2230 4015 2451 4067 uidet-ur
2477 4031 2594 4066 cum
2628 4035 2661 4080 ρ

363 4093 581 4161 (Torva),
619 4090 1008 4163 inter<cepit>
1038 4095 1214 4146 Polak
1252 4093 1442 4160 (simili
1473 4093 1721 4161 pernicie
1751 4096 1807 4147 Ι.
1840 4094 2093 4158 G-ronov.‚
2133 4092 2485 4144 insimulauit
2524 4093 2658 4145 item

375 4173 648 4240 Veldhuis)
760 4177 790 4224 9
831 4171 1066 4226 rufrium
1100 4173 1345 4242 MGQR‚
1388 4172 1640 4225 rufirium
1675 4174 1858 4242 (rufin-
1890 4175 1957 4241 T)
1981 4178 2046 4238 X,
2084 4173 2284 4225 rufium
2314 4175 2375 4224 H
2400 4173 2586 4238 (Roth)

360 4252 648 4322 Poppaea]
675 4270 730 4305 u.
761 4253 836 4306 ad
863 4271 915 4320 p.
945 4257 1072 4317 254,
1101 4257 1176 4306 20
1294 4260 1358 4306 12
1389 4253 1608 4306 balileis
1642 4255 1709 4318 R,
1743 4253 1957 4306 balneis
1993 4254 2221 4308 GHXN
2329 4259 2391 4304 15
2426 4269 2661 4320 persepe

363 4333 480 4385 XN
604 4337 670 4384 16
697 4331 983 4400 praefecto
1024 4333 1378 4404 (praetorii)
1403 4336 1632 4401 Bentley
1772 4339 1837 4387 18
1878 4332 2197 4402 adoptionis
2238 4349 2362 4385 mox
2402 4350 2499 4384 om.
2538 4333 2587 4385 (τ’

362 4411 680 4465 donationis
712 4413 786 4465 M
916 4412 1195 4465 fauctores
1239 4414 1438 4467 MRS&
1478 4415 1626 4481 (inde
1665 4418 1920 4466 auctores
1950 4414 2229 4477 Salmas).
2268 4413 2505 4465 factores
2546 4414 2667 4466 LN

366 4498 428 4544 19
467 4491 752 4546 interemit
784 4492 834 4545 G
955 4497 1020 4545 23
1062 4494 1152 4563 ea]
1192 4509 1257 4545 ex
1288 4510 1355 4546 ea
1389 4494 1438 4546 G
1556 4492 1771 4546 babillo
1802 4494 1923 4563 HQ,
1964 4493 2184 4561 Babyla
2216 4495 2476 4558 (Iasaub.;
2514 4493 2656 4554 Βάρ-

359 4572 542 4641 βιλλος
578 4572 786 4625 Dionis
815 4577 902 4637 66,
923 4577 958 4625 9
995 4590 1128 4625 ‘num
1171 4575 1305 4626 ide-m
1345 4575 1416 4626 ..e-it
1454 4575 1737 4640 quaeritur
