3259 5209
663 462 795 526 244
1363 462 1422 516 C.
1464 461 1779 516 SVETONI
1814 462 2261 528 TRANQVILLI

662 626 820 690 adeo
868 631 1050 713 grate
1095 626 1464 710 recipiebat,
1508 629 1582 690 ut
1627 625 1907 712 legatos,
1953 626 2066 708 qui
2112 625 2543 709 pertulissent,
2590 647 2722 688 non
2769 625 2981 690 modo

665 735 909 816 primos
955 733 1338 816 admitteret,
1385 733 1498 796 sed
1545 733 1739 796 etiam
1788 731 2215 796 familiaribus
2259 731 2471 815 epulis
2506 733 2983 816 interponeret.

663 861 702 902 a
748 839 1133 922 quibusdam
1183 861 1262 903 ex
1316 840 1420 904 his
1465 845 1731 925 rogatus
1778 844 1852 904 ut
1901 843 2186 904 cantaret
2234 860 2426 920 super
2480 860 2733 922 cenam,
2788 861 2981 903 exce-

664 951 942 1029 ptusque
971 946 1253 1028 effusiuS,
1275 945 1485 1009 solos
1515 947 1711 1010 scire
1740 946 2006 1010 audire
2036 941 2365 1009 Graecos
2394 947 2756 1030 solosque
2786 968 2863 1010 se
2891 951 2981 1008 et

664 1053 945 1117 studiis
993 1053 1155 1117 suis
1194 1052 1465 1137 dignos
1505 1053 1610 1116 ait.
1694 1074 1812 1117 nec
1853 1052 2252 1134 profectione
2300 1051 2519 1134 dilata,
2563 1057 2636 1116 ut
2682 1055 2977 1135 primum
3044 1077 3071 1114 5

666 1157 1016 1243 Cassiopen
1063 1159 1332 1242 traiecit,
1379 1159 1597 1224 statim
1648 1159 1727 1222 ad
1772 1181 1949 1224 aram
1994 1157 2167 1222 Iouis
2210 1157 2412 1222 Cassii
2453 1163 2709 1224 cantare
2756 1161 2981 1242 auspi-

558 1264 647 1329 23
666 1271 846 1330 catus
904 1266 1251 1330 certamina
1309 1265 1608 1348 deinceps
1666 1265 1828 1329 obiit
1887 1265 2117 1330 omnia.
2209 1288 2359 1330 nam
2416 1270 2481 1328 et
2542 1287 2703 1349 quae
2762 1266 2979 1330 diuer-

665 1373 1066 1436 sissimorum
1113 1377 1478 1456 temporum
1525 1376 1695 1454 sunt,
1742 1373 1887 1458 cogi
1928 1372 1998 1434 in
2036 1393 2237 1436 unum
2276 1395 2533 1455 annum,
2582 1372 2981 1455 quibusdam

666 1480 854 1544 etiam
918 1479 1194 1561 iteratis,
1254 1478 1444 1544 iussit
1501 1483 1565 1542 et
1611 1476 1953 1561 Olympiae
2016 1500 2271 1562 quoque
2326 1484 2583 1562 praeter
2630 1483 2981 1544 consuetu·

667 1585 878 1650 dinem
927 1585 1242 1649 musicum
1299 1605 1510 1669 agona
1565 1583 1905 1648 commisit.
1992 1607 2064 1648 ac
2111 1607 2193 1649 ne
2241 1585 2399 1667 quid
2447 1586 2617 1650 circa
2661 1585 2821 1650 haec
2866 1607 2975 1649 oc·
3016 1609 3071 1647 ιο

666 1697 970 1776 cupatum
1031 1696 1328 1755 auocaret
1393 1691 1816 1774 detineretue,
1876 1711 2023 1754 cum
2089 1692 2449 1774 praesentia
2512 1692 2651 1755 eius
2714 1692 2981 1756 urbicas

663 1821 765 1862 res
813 1820 998 1884 egere
1045 1821 1082 1862 a
1127 1798 1362 1863 liberto
1419 1797 1612 1862 Helio
1672 1798 2147 1879 admoneretur,
2204 1799 2532 1882 rescripsit
2578 1798 2681 1863 his
2728 1798 2981 1862 uerbis:

669 1907 1016 1990 quamuis
1061 1927 1259 1970 nunc
1306 1908 1521 1970 tuum
1567 1905 1981 1968 consilium
2030 1905 2132 1970 sit
2176 1910 2252 1969 et
2298 1909 2561 1969 uotum
2610 1905 2985 1969 celeriter

665 2013 956 2076 reuerti
1004 2035 1143 2096 me,
1191 2017 1442 2076 tamen
1491 2011 1810 2076 suadere
1856 2015 1931 2074 et
1978 2015 2247 2095 optare
2283 2013 2547 2096 potius
2586 2011 2841 2095 debes,
2888 2017 2983 2075 ut

667 2117 969 2184 Nerone
1017 2120 1295 2203 dignus
1341 2122 1703 2182 reuertar.

602 2243 635 2290 2
854 2223 1164 2290 Cantante
1220 2247 1295 2288 eo
1352 2246 1432 2289 ne
1487 2226 1845 2289 necessaria
1900 2225 2160 2307 quidem
2206 2245 2401 2290 causa
2445 2224 2749 2290 excedere
2794 2225 2981 2289 thea-

671 2335 770 2394 tro
817 2330 1068 2394 licitum
1115 2335 1228 2396 est.
1313 2331 1533 2414 itaque
1580 2335 1645 2395 et
1692 2331 1913 2394 enixae
1964 2331 2275 2413 quaedam
2331 2333 2399 2394 in
2447 2333 2835 2414 spectaculis
2880 2333 2981 2395 di·

671 2441 903 2500 cuntur
961 2441 1027 2500 et
1080 2438 1270 2501 multi
1329 2438 1542 2502 taedio
1589 2437 1887 2501 audiendi
1934 2437 2363 2520 laudandique
2420 2437 2655 2504 clausis
2704 2438 2981 2523 oppido·

671 2565 813 2608 rum
857 2544 1066 2628 portis
1114 2547 1225 2608 aut
1271 2545 1496 2608 furtim
1544 2545 1877 2609 desiluisse
1927 2544 2003 2610 de
2050 2567 2234 2610 muro
2273 2549 2385 2608 aut
2422 2551 2632 2611 morte
2671 2547 2979 2610 simulata

3018 2143 3067 2181 15

670 2651 891 2714 funere
939 2650 1109 2716 elati.
1193 2673 1385 2735 quam
1433 2656 1649 2715 autem
1686 2651 1938 2734 trepide
1976 2653 2289 2736 anxieque
2327 2653 2686 2736 certauerit,
2734 2657 2981 2736 quanta
3012 2675 3069 2712 eu

670 2755 1182 2821 aduersariorum
1257 2757 1713 2841 aemulatione,
1789 2780 1917 2841 quo
1994 2764 2171 2822 metu
2237 2759 2550 2840 iudicum,
2624 2759 2736 2822 uix
2800 2761 2981 2824 credi

669 2868 904 2948 potest.
978 2864 1406 2946 aduersarios,
1465 2865 1653 2946 quasi
1707 2865 1898 2948 plane
1958 2864 2354 2929 condicionis
2401 2865 2713 2950 eiusdem,
2760 2865 2979 2929 obser-

669 2993 849 3054 uare,
913 2975 1199 3055 captare,
1263 2971 1573 3036 infamare
1639 2976 1915 3054 secreto,
1990 2993 2475 3054 nonnumquam
2550 2993 2631 3034 ex
2706 2991 2981 3036 occursu

671 3077 1028 3143 maledictis
1075 3079 1387 3144 incessere
1435 3099 1528 3162 ac,
1575 3079 1643 3142 si·
1679 3078 1791 3161 qui
1842 3082 1977 3142 arte
2024 3079 2509 3162 praecellerent,
2556 3100 2979 3162 conrumpere

600 3202 630 3247 3
671 3185 865 3250 etiam
921 3185 1186 3250 solebat.
1271 3183 1514 3248 iudices
1571 3189 1790 3250 autem
1846 3186 2025 3268 prius
2085 3207 2277 3269 quam
2323 3186 2637 3268 inciperet
2682 3207 2979 3250 reueren-
3008 3205 3063 3244 ss

672 3291 917 3357 tissime
990 3290 1483 3376 adloquebatur,
1558 3291 1810 3356 omnia
1884 3314 1960 3356 se
2036 3291 2391 3357 facienda
2464 3292 2773 3375 fecisse,
2848 3293 2979 3355 sed

671 3403 1024 3462 euentum
1073 3398 1148 3461 in
1187 3419 1408 3462 manu
1449 3420 1611 3462 esse
1653 3396 2070 3482 Fortunae;
2119 3397 2301 3462 illos
2339 3404 2423 3462 ut
2468 3399 2855 3482 sapientis
2904 3405 2981 3462 et

672 3504 938 3567 doctos
995 3504 1206 3568 uiros
1263 3503 1598 3568 fortuita
1656 3504 1931 3569 debere
1990 3505 2424 3590 excludere3
2480 3509 2702 3589 atque,
2748 3510 2823 3569 ut
2869 3527 2977 3568 au-

672 3610 848 3673 deret
893 3610 1332 3693 hortantibuS,
1395 3611 1697 3692 aequiore
1754 3610 1969 3674 animo
2026 3611 2390 3696 recedebat,
2446 3633 2520 3674 ac
2568 3632 2649 3676 ne
2698 3611 2792 3676 sic
2840 3613 2979 3695 qui·

673 3717 816 3780 dem
864 3717 998 3780 sine
1045 3717 1496 3798 sollicitudine,
1545 3719 2052 3780 taciturnitatem
2090 3717 2530 3800 pudoremque
2568 3717 2975 3801 quorundam
3007 3737 3063 3777 ω

671 3845 789 3906 pro
837 3824 1102 3887 tristitia
1149 3827 1213 3886 et
1271 3823 1675 3908 malignitate
1724 3846 1997 3909 arguens
2057 3829 2517 3910 suspectosque
2566 3825 2690 3889 sibi
2738 3825 2977 3889 dicens.

565 3928 656 3994 24
673 3931 741 3994 in
789 3929 1090 3993 certando
1139 3951 1291 3993 uero
1341 3930 1434 3994 ita
1489 3930 1618 4015 legi
1678 3930 2087 4012 oboediebat,
2143 3934 2216 3994 ut
2271 3953 2627 4014 numquam
2682 3953 2981 3996 excreare

674 4059 866 4100 ausus
905 4037 1206 4100 sudorem
1245 4059 1500 4119 quoque
1538 4036 1772 4102 frontis
1812 4037 2076 4101 brachio
2117 4036 2500 4122 detergeret3
2548 4041 2745 4121 atque
2780 4039 2980 4101 etiam

817 4191 847 4238 3
888 4185 1030 4256 (et)
1063 4201 1097 4237 a
1135 4185 1367 4252 Bentley
1477 4190 1510 4236 4
1539 4185 1680 4237 scire
1711 4188 1767 4237 et
1792 4185 1843 4238 G·
1964 4190 1994 4236 6
2026 4185 2164 4238 casii
2184 4187 2248 4239 N
2254 4186 2305 4244 ις
2336 4187 2673 4253 (Sabellicus)
2788 4187 2981 4254 auspi-

675 4270 831 4320 catus
862 4269 946 4318 est
976 4265 1116 4319 ΠἘ
1227 4271 1292 4318 16
1320 4281 1424 4318 nec
1442 4265 1509 4317 H
1514 4268 1594 4318 Τδ
1715 4271 1777 4317 17
1818 4265 1927 4335 est]
1958 4268 2081 4317 erat
2110 4269 2168 4317 X
2282 4270 2347 4318 18
2386 4265 2557 4320 clusis
2588 4266 2709 4336 MQ
2818 4267 2979 4334 oppi-

675 4347 872 4400 dorum
910 4347 1009 4398 ἀεὶ.
1042 4346 1216 4398 Polak
1395 4350 1460 4398 19
1499 4343 1767 4398 simulata
1805 4347 1982 4398 morte
2012 4347 2082 4400 H
2220 4350 2287 4398 20
2326 4345 2522 4400 funere
2558 4347 2659 4400 del.
2694 4346 2983 4401 GxBecker

677 4433 744 4478 23
785 4429 1013 4478 cantare
1041 4426 1202 4492 LPS,
1243 4441 1473 4478 causare
1511 4427 1568 4492 T,
1609 4425 1866 4477 cauillari
1896 4426 2129 4494 Bentley
2312 4433 2381 4479 24
2419 4441 2773 4495 corrumpere
2804 4425 2916 4480 GX
2920 4429 2981 4490 Τ,

675 4507 820 4574 quod
847 4505 909 4555 in
939 4504 1224 4572 archetypo
1251 4505 1422 4569 fhussse
1453 4506 1769 4571 putata-erim
1916 4511 1982 4558 28
2013 4506 2246 4558 adderet
2272 4509 2319 4558 Τ
2460 4511 2527 4559 29
2565 4507 2661 4578 ne]
2700 4522 2801 4561 nec
2830 4511 2887 4558 X

679 4583 960 4649 siquidam
994 4583 1116 4635 MG
1157 4583 1282 4650 (sic-
1307 4583 1376 4650 G)
1524 4590 1586 4636 31
1630 4585 1711 4654 et]
1751 4601 1815 4637 ac
1857 4588 1899 4636 Y
