3259 5209
237 1598 292 1636 1⁰

242 2127 296 2168 15

246 2661 302 2700 20

250 3193 306 3232 25

999 445 1218 500 DIVVS
1258 445 1614 502 CLAVDIVS
1656 458 1787 505 [car.
1817 457 1965 506 5—10]
2488 443 2619 508 205

310 635 458 676 rum
508 610 760 675 ossibus
809 610 1274 688 incessebatur,
1330 611 1651 674 interdum
1698 609 1903 673 ferula
1948 608 2233 694 flagroue
2281 608 2459 672 uelut
2504 629 2623 691 per

313 719 544 783 ludum
593 715 996 782 excitabatur
1041 739 1079 780 a
1127 717 1393 800 copreis.
1479 716 1773 780 solebant
1829 720 1892 779 et
1948 715 2245 778 manibus
2292 717 2621 780 stertentis

314 827 494 890 socci
549 825 794 902 induci,
861 830 932 888 ut
994 829 1257 908 repente
1324 824 1809 909 expergefactus
1874 823 2101 886 faciem
2169 821 2426 887 sibimet
2475 843 2619 886 con·

317 933 596 996 fricaret.

501 1037 622 1104 Sed
675 1061 754 1102 ne
821 1037 1296 1102 discriminibus
1363 1038 1616 1120 quidem
1684 1037 1902 1100 caruit.
1995 1037 2275 1119 primum
2342 1036 2407 1099 in
2473 1037 2615 1119 ipso
2646 1035 2691 1098 9

318 1145 686 1226 consulatu,
753 1144 923 1228 quod
985 1143 1263 1209 Neronis
1326 1149 1390 1208 et
1447 1143 1645 1207 Drusi
1699 1145 1973 1207 fratrum
2031 1141 2319 1207 Caesaris
2378 1147 2622 1206 statuas

319 1252 584 1336 segnius
639 1251 940 1316 locandas
1005 1252 1458 1336 ponendasque
1523 1254 1826 1332 curasset,
1887 1271 2088 1335 paene
2147 1249 2391 1312 honore
2452 1271 2623 1313 sum-

318 1364 538 1423 motus
595 1363 716 1442 est3
783 1358 1009 1423 deinde
1069 1363 1370 1423 extraneo
1427 1359 1534 1422 uel
1587 1357 1784 1422 etiam
1844 1355 2343 1421 domesticorum
2404 1355 2622 1438 aliquo

321 1467 644 1529 deferente
710 1466 960 1529 assidue
1035 1465 1340 1549 uarieque
1414 1465 1827 1548 inquietatus
1944 1485 2086 1526 cum
2154 1485 2307 1527 uero
2374 1463 2625 1527 detecta

323 1576 495 1636 esset
538 1571 766 1655 Lepidi
833 1576 896 1634 et
965 1571 1280 1636 Gaetulici
1347 1570 1733 1654 coniuratiO,
1797 1570 2033 1635 missus
2088 1571 2155 1634 in
2213 1569 2621 1634 Germaniam

324 1682 496 1742 inter
559 1679 810 1763 legatos
875 1678 954 1742 ad
1021 1678 1474 1764 gratulandum
1541 1679 1737 1741 etiam
1801 1679 1974 1741 uitae
2036 1676 2393 1760 periculum
2449 1675 2625 1759 adiit,

322 1785 704 1871 indignante
750 1807 824 1850 ac
870 1785 1179 1848 fremente
1219 1783 1380 1849 Gaio
1427 1788 1730 1868 patruum
1779 1784 2187 1868 potissimum
2237 1785 2317 1846 ad
2364 1805 2431 1846 se
2478 1783 2625 1846 mis-

325 1915 471 1956 sum
521 1893 702 1976 quasi
749 1892 829 1955 ad
875 1914 1147 1975 puerum
1191 1893 1569 1975 regendum,
1615 1891 1776 1955 adeo
1826 1895 1897 1954 ut
1944 1913 2071 1954 non
2120 1890 2465 1971 defuerint,
2513 1891 2625 1972 qui

323 1999 652 2063 traderent
697 1999 1192 2083 praecipitatum
1242 2020 1498 2082 quoque
1546 1999 1612 2062 in
1656 1999 1913 2076 flumen,
1961 1999 2053 2062 sic
2092 2003 2163 2060 ut
2200 1998 2475 2061 uestitus
2523 1997 2627 2060 ad-

328 2109 606 2170 uenerat.
701 2110 895 2188 atque
950 2128 1027 2168 ex
1096 2127 1170 2170 eo
1225 2127 1578 2188 numquam
1636 2126 1767 2168 non
1822 2105 1887 2166 iu
1955 2109 2177 2168 senatu
2234 2105 2627 2169 nouissimus
2666 2121 2697 2166 :2

327 2211 762 2276 consularium
827 2212 1209 2276 sententiam
1271 2211 1460 2293 dixit,
1520 2212 1913 2295 ignominiae
1970 2232 2159 2274 causa
2214 2215 2360 2294 post
2418 2211 2627 2274 omnis

329 2321 779 2404 interrogatus„
864 2318 1056 2382 etiam
1113 2318 1398 2404 cognitio
1455 2319 1599 2382 falsi
1652 2319 2020 2382 testamenti
2076 2322 2333 2401 recepta
2380 2321 2505 2401 est,
2563 2318 2630 2381 in

331 2448 459 2509 quo
509 2430 574 2490 et
619 2427 754 2509 ipse
803 2426 1187 2510 signauerat.
1261 2429 1589 2508 postremo
1640 2425 2003 2488 sestertium
2055 2424 2340 2510 octogies
2379 2446 2496 2509 pro
2538 2425 2627 2488 in-

331 2534 532 2596 troit-u
577 2533 733 2596 noui
781 2532 1123 2596 sacerdotii
1169 2535 1427 2596 coactus
1466 2531 1848 2614 impendere,
1898 2531 1975 2594 ad
2016 2553 2122 2596 eas
2160 2532 2248 2594 rei
2290 2532 2629 2596 familiaris

332 2639 660 2724 angustias
724 2639 986 2720 decidit,
1049 2643 1122 2702 ut
1181 2661 1324 2702 cum
1387 2639 1739 2722 obligatam
1802 2639 2045 2702 aerario
2106 2639 2295 2703 fidem
2357 2639 2630 2704 liberare

331 2767 460 2809 non
517 2749 760 2829 posset,
821 2745 888 2808 in
947 2765 1220 2808 uacuum
1277 2745 1419 2828 lege
1479 2743 1907 2827 praediatoria
1962 2743 2207 2808 uenalis
2254 2745 2632 2829 pependerit

333 2852 451 2917 sub
511 2852 718 2915 edicto
764 2851 1250 2935 praefectorum.
1351 2850 1473 2914 Per
1517 2851 1676 2915 haec
1730 2872 1805 2914 ac
1859 2850 2015 2914 talia
2069 2851 2349 2916 maxima
2403 2853 2631 2915 aetatis
2654 2846 2740 2912 10

333 2962 516 3042 parte
581 2961 900 3022 transacta
965 2957 1500 3043 quinquagesimo
1565 2979 1735 3020 anno
1802 2957 2142 3040 imperium
2208 2959 2382 3041 cepit
2437 2980 2629 3041 quan-

335 3065 579 3129 tumuis
627 3064 909 3130 mirabili
957 3085 1124 3128 casu.
1208 3065 1502 3129 exclusus
1540 3065 1709 3128 inter
1745 3069 1991 3128 ceteros
2031 3065 2110 3128 ab
2150 3064 2631 3128 insidiatoribus

338 3170 454 3234 Gai
465 3222 484 3253 ‚
552 3192 698 3235 cum
758 3171 943 3254 quasi
1007 3176 1320 3236 secretum
1378 3193 1454 3234 eo
1514 3170 1911 3235 desiderante
1977 3171 2229 3234 turbam
2294 3171 2629 3235 submoue·

336 3282 496 3363 rent,
543 3279 610 3340 in
659 3276 953 3362 diaetam,
1000 3278 1102 3341 cui
1139 3298 1374 3342 nomen
1413 3282 1511 3341 est
1549 3277 1956 3362 Hermaeum,
2004 3281 2379 3362 recesserat3
2426 3299 2633 3361 neque

337 3385 544 3448 multo
600 3388 750 3467 post
805 3405 1062 3448 rumore
1127 3383 1336 3448 caedis
1401 3385 1747 3448 exterritus
1802 3385 2126 3468 prorepsit
2190 3385 2267 3448 ad
2328 3384 2631 3448 solarium

337 3491 704 3574 proximum
763 3491 1056 3574 interque
1101 3495 1432 3574 praetenta
1477 3491 1726 3554 foribus
1784 3491 1928 3555 uela
1974 3513 2041 3555 se
2087 3491 2350 3555 abdidit.
2435 3491 2633 3554 laten·
2674 3505 2703 3550 2

337 3603 466 3662 tem
508 3597 868 3662 discurrens
907 3598 1074 3662 forte
1106 3597 1436 3684 gregarius
1473 3597 1675 3680 mileS,
1714 3599 2172 3662 animaduersis
2212 3597 2501 3682 pedibus,
2540 3597 2632 3682 [e]

486 3857 554 3906 28
593 3854 662 3919 cs.
707 3854 888 3908 Victor
917 3855 1066 3908 Caes.
1091 3859 1142 3920 3,
1164 3859 1234 3906 16
1273 3852 1523 3906 centurio
1557 3898 1565 3906 .
1592 3895 1600 3905 .
1628 3896 1638 3905 .
1672 3851 1968 3904 Claudium
1998 3853 2376 3906 occultantem
2416 3871 2471 3906 se
2510 3870 2635 3922 rep—

340 3932 492 4002 perit
519 3931 758 3986 deformi
787 3931 1032 3986 latebra:
1071 3935 1470 4001 protractoque
1501 3950 1565 3986 eo
1596 3931 1875 3985 exclamat
1903 3932 2055 4000 apud
2085 3934 2280 3998 sociOS,
2316 3935 2363 3986 si
2393 3933 2635 4001 sapiant,

343 4013 540 4066 adesse
578 4011 906 4081 principem.
965 4015 1033 4080 cf.
1065 4014 1221 4080 Epir.
1254 4018 1358 4079 ειμι)

492 4261 515 4306 1
557 4251 855 4324 ferule(-le)
885 4253 1061 4322 flagro
1090 4256 1137 4306 Τ
1256 4261 1286 4306 2
1327 4253 1544 4322 capreis
1568 4258 1631 4319 X,
1673 4254 1889 4321 cropeis
1921 4257 1980 4306 H
2013 4255 2099 4319 (cf.
2139 4254 2254 4306 Tib.
2279 4258 2343 4306 61
2356 4275 2365 4312 )
2493 4259 2522 4304 3
2555 4253 2638 4304 in-

346 4333 444 4386 dui
475 4333 606 4403 11¹9
716 4339 748 4386 5
785 4333 966 4401 primo
1009 4336 1080 4388 M
1187 4339 1217 4386 6
1258 4335 1464 4387 cesaris
1503 4335 1740 4387 fratrum
1783 4335 1833 4386 G
1944 4332 2087 4405 (Ο.)
2128 4333 2377 4386 Caesaris
2410 4335 2641 4404 Bentley

346 4419 378 4467 8
416 4417 504 4466 est
550 4414 649 4468 del.
690 4415 922 4483 Bentley
1108 4421 1170 4467 15
1208 4432 1322 4468 non
1366 4431 1673 4482 numquam
1722 4415 1781 4466 in
1823 4414 1873 4466 G
2054 4419 2122 4464 20
2169 4413 2373 4466 recidit
2410 4415 2641 4484 Bentley

348 4501 414 4547 25
453 4493 798 4546 desideranti
834 4493 1020 4547 MGX
1050 4494 1246 4562 (desid.
1287 4511 1351 4547 eo
1391 4496 1458 4560 Τ)
1633 4499 1697 4545 27
1739 4494 2068 4561 perterritus
2110 4495 2160 4546 G
2342 4492 2643 4547 scolarium

351 4573 612 4628 ML¹PR
756 4578 824 4626 29
863 4590 892 4626 e
922 4591 1022 4628 om.
1058 4574 1106 4627 G
1137 4576 1257 4642 (del.
1292 4575 1562 4643 Madviy),
1601 4590 1667 4625 ex
1708 4575 1765 4637 T,
1800 4575 1857 4626 et
1886 4576 2219 4638 Fuluianus,
2259 4574 2378 4626 eius
2410 4575 2642 4644 Bentley
