3259 5209
969 493 1190 548 DIVVS
1229 492 1584 548 CLAVDIVS
1625 503 1757 552 [cn.
1788 504 1963 553 12—15]
2458 493 2593 557 209

291 682 422 742 que
459 681 650 741 anno,
687 664 1100 722 semenstrem
1138 655 1585 738 nouissimum,
1623 655 1993 720 bimenstris
2024 661 2287 739 ceterOS,
2326 656 2596 720 tertium

289 772 512 830 autem
555 787 730 830 nouo
777 765 946 830 circa
989 764 1348 849 principem
1397 763 1692 846 exemplo
1740 761 1809 826 in
1852 764 2068 827 locum
2106 762 2427 828 demortui
2468 763 2595 828 suf·

288 872 520 936 fectus.
604 872 702 936 ius
751 877 815 937 et
861 871 1084 937 consul
1132 877 1196 935 et
1251 874 1432 934 extra
1485 867 1797 933 honorem
1853 868 2355 934 laboriosissime
2412 870 2597 952 dixit,

289 979 492 1043 etiam
529 979 662 1043 suis
701 1000 1091 1063 suorumque
1129 976 1354 1041 diebus
1403 975 1844 1060 sollemnibuS,
1890 998 2373 1060 nonnumquam
2414 977 2599 1042 festis

235 1116 264 1152 ο
294 1107 556 1170 quoque
593 1083 956 1170 antiquitus
994 1089 1058 1148 et
1095 1083 1435 1168 religiosis
1510 1104 1624 1146 nec
1665 1103 1915 1166 semper
1948 1081 2343 1167 praescripta
2378 1083 2601 1170 legum

293 1197 555 1254 secutus
614 1191 920 1256 duritiam
984 1190 1400 1256 lenitatemue
1461 1189 1811 1252 multarum
1878 1210 1955 1252 ex
2016 1187 2185 1254 bono
2248 1193 2313 1252 et
2376 1211 2605 1276 aeque,

293 1298 560 1382 perinde
615 1303 710 1372 ut,
749 1296 1156 1381 adficeretur,
1211 1295 1580 1360 moderatus
1627 1300 1751 1378 est3
1808 1317 1955 1359 nam
2004 1298 2069 1358 et
2115 1295 2223 1379 iis,
2271 1295 2383 1380 qui
2433 1297 2603 1380 apud

295 1405 588 1489 priuatos
645 1404 886 1468 iudices
945 1405 1092 1488 plus
1150 1403 1426 1488 petendo
1493 1402 1773 1466 formula
1836 1401 2249 1484 excidissent,
2315 1403 2604 1466 restituit

295 1513 584 1576 actiones
647 1517 712 1575 et
773 1510 842 1575 in
907 1511 1149 1574 maiore
1214 1508 1437 1573 fraude
1505 1507 1836 1573 conuictos
1901 1508 2259 1594 legitimam
2325 1530 2605 1592 poenam

212 1649 268 1688 ιο
297 1639 751 1704 supergressus
797 1618 878 1682 ad
923 1617 1163 1681 bestias
1221 1615 1690 1680 condemnauit.
1775 1615 1841 1679 in
1888 1615 2331 1700 cognoscendo
2390 1621 2603 1680 autem
2623 1625 2710 1692 15

299 1746 376 1789 ac
422 1723 818 1788 decernendo
865 1723 1029 1787 mira
1072 1723 1387 1787 uarietate
1433 1721 1632 1786 animi
1680 1723 1824 1804 fuit,
1870 1722 2063 1788 modo
2103 1721 2605 1807 circumspectus

300 1834 368 1895 et
432 1853 662 1916 sagax,
728 1829 1050 1894 interdum
1116 1828 1520 1894 inconsultus
1585 1849 1661 1892 ac
1723 1849 2053 1913 praesepe,
2119 1851 2607 1913 nonnumquam

301 1936 580 2002 friuolus
629 1937 995 2020 amentique
1041 1934 1288 2000 similis
1373 1956 1518 2000 cum
1567 1935 1857 2000 decurias
1914 1957 2123 1999 rerum
2174 1939 2321 1999 actu
2369 1957 2611 2020 expun-

303 2048 514 2129 geret,
561 2066 737 2126 eum,
787 2043 896 2127 qui
945 2042 1348 2106 dissimulata
1393 2042 1731 2106 uacatione
1779 2063 1970 2125 quarn
2018 2041 2328 2106 beneficio
2376 2041 2607 2107 libero-

221 2181 272 2221 ιι
303 2173 448 2214 rum
483 2149 765 2214 habebat
803 2149 1238 2233 responderat,
1275 2151 1349 2212 ut
1389 2148 1694 2232 cupidum
1734 2147 2058 2212 iudicandi
2096 2147 2368 2233 dimisit3
2409 2149 2603 2214 alium

305 2256 785 2341 interpellatum
859 2255 943 2319 ab
1019 2255 1400 2320 aduersariis
1473 2253 1548 2318 de
1621 2255 1885 2338 propria
1958 2255 2073 2318 h'te
2134 2261 2609 2342 negantemque

307 2362 700 2448 cognitionis
753 2385 888 2426 rem
955 2362 1066 2425 sed
1133 2361 1417 2425 ordinari
1475 2361 1635 2424 iuris
1691 2382 1853 2445 esse,
1911 2382 2101 2447 agere
2151 2383 2409 2429 causam
2466 2383 2611 2428 con-

303 2469 518 2532 festim
551 2468 723 2551 apud
749 2491 816 2534 se
856 2468 1086 2555 coegit,
1125 2467 1446 2552 proprio
1485 2467 1801 2552 negotio
1833 2468 2368 2532 documentum
2398 2467 2611 2532 datu-

307 2597 734 2658 rum,quam
767 2596 1050 2659 aequus
1079 2574 1306 2638 iudex
1335 2573 1416 2638 in
1443 2573 1695 2638 alieno
1718 2574 2033 2658 negotio
2053 2575 2362 2638 futurus
2391 2579 2610 2639 esset.

223 2715 277 2752 ,ο
311 2681 614 2745 feminam
658 2703 792 2746 non
837 2685 1294 2767 agnoscentem
1343 2680 1550 2744 filium
1597 2702 1785 2744 suum
1822 2679 2019 2744 dubia
2057 2680 2385 2764 utrimque
2422 2705 2608 2768 argu·
2649 2711 2679 2757 2

310 2791 672 2853 mentorum
715 2789 842 2853 fide
889 2788 971 2852 ad
1017 2787 1492 2852 confessionem
1540 2788 1857 2870 compulit
1904 2787 2149 2853 indicto
2196 2788 2611 2853 matrimonio

307 2894 575 2958 iuuenis».
694 2893 1070 2960 absentibus
1145 2893 1492 2958 secundum
1570 2899 1937 2977 praesentes
2018 2894 2323 2959 facillime
2400 2894 2613 2977 dabat,

309 2999 492 3064 nullo
559 2999 798 3065 dilectu
863 2999 1135 3086 culpane
1205 3001 1350 3084 quis
1415 3023 1496 3063 an
1561 3000 1778 3084 aliqua
1841 3001 2219 3066 necessitate
2286 3008 2611 3066 cessasset.

309 3108 755 3189 proclamante
803 3106 1080 3202 quodam
1128 3107 1583 3192 praecidendas
1629 3106 1890 3171 falsario
1938 3130 2165 3172 manus
2174 3160 2191 3192 ,
2250 3109 2612 3173 carnificem

224 3245 281 3286 ,ι
311 3211 532 3276 statim
610 3213 803 3278 acciri
881 3235 1027 3278 cum
1107 3213 1444 3278 machaera
1521 3235 1868 3298 mensaque
1928 3214 2211 3278 lanionia
2274 3215 2612 3301 flagitauit.

313 3318 794 3404 peregrinitatis
842 3343 1020 3386 reum
1069 3325 1210 3385 orta
1259 3321 1428 3384 inter
1473 3321 1820 3384 aduocatos
1865 3320 1995 3384 leui
2044 3322 2472 3404 contentione,
2519 3327 2614 3386 to-

314 3429 622 3510 gatumne
680 3449 760 3492 an
809 3427 1150 3510 palliatum
1199 3427 1409 3491 dicere
1455 3449 1711 3491 causam
1768 3433 2116 3511 oporteret,
2173 3429 2356 3510 quasi
2400 3429 2613 3512 aequi-

315 3535 516 3596 tatem
575 3532 893 3618 integram
954 3539 1311 3616 ostentam,
1370 3538 1617 3600 mutare
1664 3533 1961 3598 habitum
2007 3535 2262 3619 saepius
2310 3539 2375 3598 et
2418 3541 2615 3619 prout

317 3643 726 3704 accusaretur
755 3639 1300 3726 defendereturue,
1329 3641 1530 3704 iussit.
1593 3640 1669 3703 de
1700 3640 1976 3724 quodam
2007 3642 2199 3704 etiam
2229 3642 2493 3727 negotio
2524 3644 2615 3706 ita
2655 3671 2686 3718 3

232 3779 288 3819 ω
316 3767 394 3808 ex
431 3744 674 3809 tabella
709 3746 1162 3830 pronuntiasse
1210 3747 1516 3811 creditur:
1564 3748 1978 3811 secundum
2013 3768 2143 3811 eos
2182 3770 2257 3810 se
2297 3750 2614 3834 sentire,

458 3925 490 3972 3
528 3922 588 3973 et
621 3924 764 3989 (post
803 3921 1016 3990 consul)
1057 3939 1158 3975 om.
1189 3925 1246 3974 X
1365 3929 1398 3975 4
1439 3919 1725 3974 sollemnis
1758 3924 1893 3987 MT,
1930 3937 2066 3976 corr.
2102 3922 2173 3992 ρ’
2320 3929 2384 3976 11
2428 3925 2519 3994 ac]
2560 3929 2617 3978 et

319 3999 432 4054 GT
531 3999 708 4053 animi
736 4001 1014 4056 uarietate
1047 4001 1099 4054 G
1237 4007 1301 4054 13
1342 4002 1494 4058 actui
1523 4003 1856 4056 B.-C'rusius
1977 4005 2259 4070 expunget
2292 4003 2376 4070 M,
2406 4019 2617 4072 expun-

315 4083 480 4150 getur
508 4079 644 4148 11¹0
821 4087 885 4134 14
923 4082 1220 4135 uocatione
1263 4082 1389 4135 MG
1426 4083 1508 4150 (in
1545 4081 1595 4135 G
1633 4100 1768 4136 cor-r.
1800 4100 1868 4135 m.
1898 4085 1951 4152 1)
2118 4089 2179 4135 17
2221 4085 2319 4137 sed
2355 4101 2423 4138 88.
2458 4085 2516 4136 in
2550 4086 2620 4137 M

320 4165 384 4213 18
413 4159 648 4213 daturus
681 4159 732 4214 G
831 4165 900 4214 20
929 4161 1432 4229 adcognoscentem
1453 4173 1631 4230 (acco-
1659 4161 1727 4229 G)
1754 4162 1903 4216 GPS
2009 4167 2074 4214 22
2107 4163 2263 4234 <de>
2288 4163 2615 4218 absentibus

317 4267 366 4320 Ι.
381 4267 452 4320 F.
469 4266 704 4320 Gronov.
793 4271 859 4320 23
881 4246 1088 4320 dilecto
1106 4269 1174 4322 M
1193 4271 1282 4336 (m.
1297 4271 1368 4338 1),
1380 4267 1656 4322 delectuT
1726 4267 1891 4336 culpa
1914 4269 2149 4336 inequis)
2166 4271 2251 4332 M,
2282 4270 2482 4338 eulpae
2497 4273 2618 4338 GT,

319 4372 618 4441 0111me
699 4389 770 4428 an
792 4375 1116 4444 Stephanus,
1131 4374 1189 4426 in
1206 4377 1256 4426 ,Ω
1347 4351 1564 4428 cesa-sse
1577 4375 1662 4442 M,
1680 4391 1921 4428 cessasse
1944 4375 2227 4428 uideretur
2243 4379 2277 4428 δ
2370 4383 2437 4429 24
2458 4395 2615 4446 prae-

319 4451 590 4505 cidendas
627 4453 888 4528 (dandas
920 4458 986 4506 M
992 4454 1030 4522 ι)
1067 4469 1168 4508 om.
1203 4453 1253 4507 G
1443 4461 1509 4506 26
1546 4452 1664 4508 leui
1701 4472 1801 4508 om.
1836 4457 1885 4509 G
2067 4456 2423 4510 contentione
2454 4459 2525 4511 Μ
2530 4459 2618 4530 ρ’,

321 4531 742 4586 content-atione
765 4534 876 4599 GT,
904 4533 1318 4587 concertatione
1347 4537 1402 4586 X
1514 4539 1580 4586 27
1612 4533 2015 4602 ampalleatum
2040 4537 2115 4588 M
2138 4539 2359 4605 (gneam
2392 4555 2503 4606 pro·
2526 4557 2619 4594 —ne

322 4629 395 4664 an
422 4613 476 4678 δ,
503 4610 682 4680 palle-
698 4614 850 4668 codd.
876 4619 1096 4681 praeter
1114 4612 1272 4682 11²R)
1402 4619 1469 4667 28
1509 4616 1566 4668 et
1593 4615 1695 4668 del.
1716 4615 1968 4669 Reor-us.
2006 4621 2057 4668 et
2088 4617 2153 4668 G.
2185 4617 2389 4670 Becker

428 4719 700 4760 svn-oms
729 4721 798 4760 ed.
827 4721 958 4760 Ihm.
1013 4723 1052 4762 Ι.
2123 4719 2187 4764 14
