3259 5209
936 437 1113 491 DIVV
1117 437 1151 490 S
1190 438 1572 495 AVGVSTVS
1612 450 1744 503 [car.
1777 451 1952 501 ἰθ-’19]
2511 439 2596 503 99

291 604 661 683 conficeret,
721 602 802 666 ad
856 601 1128 667 multam
1184 608 1439 669 noctem
1494 602 1930 687 permanebat.
2025 604 2091 666 in
2149 601 2389 667 lectum
2449 601 2598 665 inde

290 714 729 793 transgressus
775 731 908 774 non
953 711 1235 793 amplius
1281 732 1425 773 cum
1474 710 1824 794 plurimum
1873 730 2066 793 quam
2114 712 2358 793 septem
2405 707 2597 773 horas

292 816 671 899 dormiebat,
726 838 797 879 ac
853 838 933 880 ne
988 838 1095 880 eas
1142 817 1399 901 quidem
1456 816 1824 898 continuae,
1879 815 1990 881 sed
2037 820 2110 880 ut
2163 815 2231 879 in
2279 814 2394 880 illo
2440 820 2597 880 tem-

292 924 475 1007 poris
534 924 743 1006 spatio
801 928 901 987 ter
955 928 1065 987 aut
1120 928 1348 1007 quater
1402 924 1968 1008 expergisceretur.
2053 924 2108 985 si
2165 924 2596 1005 interruptum
2637 938 2668 985 2

237 1055 261 1093 5
294 1052 593 1095 somnum
658 1030 1040 1114 reciperare,
1102 1035 1177 1094 ut
1250 1032 1493 1112 euenit,
1560 1052 1696 1094 non
1757 1034 2003 1113 posset,
2071 1029 2420 1094 lectoribus
2486 1032 2599 1093 aut

289 1135 765 1201 fabulatoribus
832 1138 1150 1201 arcessitis
1224 1137 1587 1202 resumebat
1651 1136 2172 1221 producebatque
2237 1138 2408 1199 ultra
2469 1136 2598 1220 pri-

294 1266 466 1307 mam
528 1265 715 1326 saepe
774 1245 1002 1309 lucem.
1094 1266 1213 1309 nec
1273 1243 1337 1307 in
1400 1244 1684 1308 tenebris
1746 1244 2045 1329 uigilauit
2105 1265 2410 1325 umquam
2469 1243 2598 1306 nisi

292 1351 615 1414 assidente
678 1352 913 1433 aliquo.
1016 1350 1333 1415 matutina
1396 1350 1624 1437 uigilia
1691 1349 2160 1433 offendebatur3
2233 1370 2306 1413 ac
2371 1350 2426 1413 si
2491 1349 2598 1412 uel

295 1457 497 1521 officii
570 1457 674 1521 uel
750 1458 911 1521 sacri
975 1479 1168 1522 causa
1234 1458 1546 1521 maturius
1620 1456 2022 1543 uigilandum
2107 1460 2304 1539 esset,
2367 1478 2448 1521 ne
2533 1455 2598 1518 id

210 1590 263 1627 10
293 1568 519 1627 contra
584 1563 993 1629 commodum
1057 1564 1321 1649 faceret,
1386 1565 1456 1628 in
1518 1565 1815 1648 proximo
1873 1565 2329 1647 cuiuscumque
2384 1562 2597 1627 dome-

295 1670 603 1734 sticorum
644 1670 946 1735 cenaculo
986 1671 1305 1735 manebat.
1382 1670 1472 1735 sic
1510 1692 1768 1755 quoque
1806 1691 1994 1753 saepe
2034 1670 2328 1755 indigens
2367 1667 2599 1751 somni,

294 1781 360 1841 et
416 1776 567 1841 dum
626 1799 741 1860 per
793 1778 973 1841 uicos
1030 1776 1479 1861 deportaretur
1531 1782 1596 1841 et
1643 1776 1936 1861 deposita
1989 1776 2219 1841 lectica
2274 1776 2442 1839 inter
2485 1776 2596 1839 ali-

296 1906 455 1966 quas
504 1906 713 1947 moras
762 1884 1261 1949 condormiebat.

476 1990 709 2056 Forma
754 1990 881 2055 fuit
926 1990 1161 2058 eximia
1206 1996 1271 2055 et
1315 2014 1431 2075 per
1479 2013 1702 2055 omnes
1739 1990 1968 2055 aetatis
2006 1990 2241 2076 gradus
2280 1989 2598 2053 uenustis-
2614 1984 2706 2051 79

209 2120 261 2159 ιε
295 2098 483 2178 sima,
558 2118 948 2181 quamquam
1013 2104 1077 2161 et
1152 2098 1362 2163 omnis
1434 2098 1741 2163 lenocinii
1803 2099 2180 2183 neglegens3
2253 2098 2322 2161 in
2391 2096 2599 2180 capite

294 2203 607 2269 comendo
662 2208 795 2267 tam
852 2203 1241 2287 incuriosu3‚
1297 2210 1373 2269 ut
1426 2206 1664 2289 raptim
1721 2204 2163 2288 compluribus
2219 2202 2412 2267 simul
2457 2206 2600 2267 ton-

296 2309 552 2374 soribus
609 2332 870 2394 operam
928 2311 1109 2375 daret
1171 2334 1245 2375 ac
1300 2312 1491 2376 modo
1548 2312 1844 2376 tonderet
1905 2310 2098 2374 modo
2154 2309 2406 2374 raderet
2457 2308 2599 2375 bar-

296 2416 445 2480 bam
495 2438 699 2501 eoque
754 2417 896 2501 ipso
953 2422 1243 2501 tempore
1299 2424 1410 2482 aut
1464 2419 1707 2504 legeret
1755 2417 1999 2501 aliquid
2045 2422 2159 2483 aut
2204 2419 2399 2481 etiam
2447 2417 2597 2481 scri·

298 2524 491 2587 beret.
576 2523 763 2587 uultu
810 2529 948 2588 erat
992 2524 1097 2589 uel
1144 2526 1211 2590 in
1258 2547 1551 2589 sermone
1597 2524 1704 2589 uel
1760 2525 1994 2590 tacitus
2041 2525 2200 2589 adeo
2247 2522 2599 2607 tranquillo

210 2654 265 2693 20
298 2652 677 2713 serenoque,
732 2636 805 2693 ut
865 2630 1126 2713 quidam
1183 2653 1216 2695 e
1262 2630 1656 2715 primoribus
1718 2628 2070 2695 Galliarum
2130 2630 2462 2695 confessus
2517 2631 2600 2693 sit

298 2738 466 2801 inter
526 2758 704 2820 suos,
764 2758 839 2801 eo
902 2760 969 2802 80
1027 2736 1375 2802 inhibitum
1434 2760 1509 2801 ac
1563 2738 1986 2819 remollitum,
2046 2759 2174 2820 quo
2231 2737 2472 2818 minus,
2529 2741 2602 2799 ut

298 2843 677 2926 destinarat,
741 2844 809 2909 in
868 2844 1144 2909 transitu
1208 2843 1473 2929 Alpium
1550 2867 1667 2929 per
1729 2844 2207 2909 simulationem
2273 2842 2600 2925 conloquii

297 2951 562 3033 propius
618 2950 933 3015 admissus
989 2951 1057 3017 in
1104 2952 1549 3035 praecipitium
1599 2952 2005 3034 propelleret.
2097 2952 2318 3015 oculos
2373 2949 2602 3013 habuit
2638 2960 2670 3009 2

298 3058 505 3120 claros
572 3078 645 3121 ac
705 3056 979 3141 nitidos,
1054 3058 1288 3142 quibus
1362 3058 1553 3122 etiam
1632 3058 1989 3123 existimari
2059 3056 2321 3122 uolebat
2393 3058 2600 3120 inesse

307 3220 379 3227 -.--
409 3220 592 3226 —...-——-.
621 3221 660 3225 —.

444 3310 475 3357 2
517 3305 672 3373 Epic.
704 3310 755 3369 1,
782 3308 858 3357 22
886 3304 1245 3371 aliquatenus
1269 3347 1278 3356 .
1305 3347 1315 3357 .
1339 3347 1349 3357 .
1374 3305 1553 3357 somni
1583 3304 1888 3358 abstinens.
2040 3310 2102 3356 11
2144 3304 2214 3369 cf.
2246 3304 2429 3357 Victor
2450 3304 2600 3357 Gaea.

302 3392 353 3451 1,
372 3392 403 3437 4
427 3384 702 3453 flagrante
734 3427 744 3437 .
768 3427 779 3438 .
806 3429 816 3438 .
848 3384 921 3437 ad
950 3402 1207 3438 somnum
1234 3385 1685 3453 intemperantie.
1799 3390 1866 3437 23
1884 3401 2002 3451 sqq.
2036 3384 2191 3453 Epic.
2213 3389 2265 3449 1,
2281 3390 2358 3437 20
2384 3381 2495 3435 fuit
2516 3423 2528 3435 .
2551 3424 2562 3436 .
2589 3424 2598 3434 .

300 3480 531 3534 corpore
568 3468 688 3518 toto
728 3463 985 3533 pulcher,
1034 3464 1133 3517 sed
1172 3464 1347 3517 oculis
1387 3464 1583 3535 magis.
1662 3482 1900 3532 quorum
1945 3464 2126 3517 aciem
2164 3463 2599 3516 clarissimorum

300 3545 546 3598 siderum
586 3545 753 3597 modo
791 3544 1049 3611 uibrans,
1088 3544 1331 3597 libenter
1367 3545 1688 3613 accipiebat
1723 3545 1848 3597 cedi
1888 3544 1960 3597 ab
1998 3542 2420 3597 intendentibus
2459 3543 2599 3595 tam-

300 3641 473 3693 quam
510 3624 645 3678 solis
682 3624 857 3678 radiis
896 3625 1187 3694 adspectui
1228 3642 1326 3678 800
1358 3626 1539 3693 (addit
1565 3626 1718 3679 haec:
1759 3642 1793 3677 a
1833 3624 1990 3677 cuius
2026 3624 2174 3677 facie
2204 3641 2331 3677 cum
2370 3623 2602 3690 quidam

300 3706 463 3758 miles
502 3705 693 3758 oculos
732 3707 1014 3759 auerteret
1051 3708 1109 3758 et
1146 3706 1591 3773 interrogaretur
1628 3705 1700 3758 ab
1740 3722 1823 3772 00,
1863 3722 1960 3757 cur
1997 3704 2080 3757 ita
2111 3704 2337 3770 faceret,
2374 3719 2598 3771 respon-

300 3786 411 3839 dit:
447 3786 605 3853 ‘quia
622 3783 836 3838 fulmen
865 3784 1155 3839 oculorum
1184 3788 1409 3838 tuorum
1438 3786 1585 3839 ferre
1611 3803 1725 3839 non
1744 3786 1994 3854 possum’
2027 3787 2095 3851 cs.
2118 3785 2269 3837 Seru.
2287 3786 2437 3854 Very.
2461 3785 2598 3837 Aen.

311 3868 473 3921 VIII
494 3871 607 3920 680
634 3864 971 3919 naturaliter
1001 3908 1011 3919 .
1036 3908 1047 3919 .
1070 3908 1083 3921 .
1112 3867 1403 3936 Augustus
1436 3865 1630 3934 igneos
1671 3864 1861 3918 000108
1900 3864 2166 3919 habuisse
2196 3864 2419 3929 dicitur,
2458 3862 2600 3915 adeo

298 3949 365 3999 ut
403 3946 667 3999 obtutum
704 3946 825 3999 eius
862 3962 1027 3999 nemo
1061 3948 1257 3999 contra
1295 3949 1585 4015 aspectare
1630 3949 1837 4014 posset,
1878 3946 2120 4012 denique
2159 3944 2390 4012 quidam
2430 3960 2600 4010 eques

298 4026 589 4080 Romanus
616 4023 997 4097 interrogatus
1037 4026 1109 4079 ab
1148 4042 1231 4093 eo,
1271 4042 1369 4079 cur
1398 4043 1455 4079 80
1486 4026 1610 4078 uiso
1639 4028 1886 4081 uerteret
1913 4026 2134 4089 faciem,
2167 4024 2399 4078 dixerit:
2443 4024 2600 4091 ‘quia

298 4105 517 4159 fulmen
555 4104 845 4159 oculorum
880 4109 1106 4160 tuorum
1142 4106 1289 4160 ferre
1327 4123 1437 4159 non
1478 4107 1758 4175 possum'3
1799 4106 1944 4159 sicut
1982 4107 2067 4159 ait
2105 4105 2438 4172 Suetonius).

300 4244 729 4253 ffi—...-.---...-—.-.

444 4335 477 4381 2
506 4327 675 4381 horas
699 4344 799 4381 om.
818 4328 867 4381 G
960 4334 990 4381 3
1013 4331 1073 4382 at
1097 4331 1148 4382 V
1232 4334 1261 4381 9
1284 4328 1674 4397 euigilandum
1697 4330 1950 4394 Casa-ub„
1969 4328 2036 4394 cf.
2054 4326 2248 4382 (Ἶαιιᾱ.
2265 4329 2335 4378 33
2369 4326 2601 4394 Vesp.21
2655 4290 2662 4295 ἱ

304 4415 369 4461 12
409 4424 539 4461 cum
554 4438 620 4448 —
638 4408 1030 4477 deportaretur
1049 4412 1138 4463 uel
1157 4410 1291 4462 dum
1310 4440 1374 4449 --
1394 4408 1724 4477 deportatur
1743 4410 1962 4476 Diipow
2093 4412 2156 4459 13
2196 4406 2600 4472 condormisce7

300 4489 403 4543 bat
422 4490 658 4559 Bentley
789 4494 854 4542 15
886 4492 943 4543 et
969 4506 1071 4543 om.
1093 4491 1159 4543 N
1261 4490 1345 4560 in]
1366 4492 1424 4543 et
1450 4488 1509 4541 in
1532 4489 1736 4558 ΠῼΝς
1759 4490 1918 4557 (edd.)
2046 4492 2111 4540 16
2151 4485 2602 4539 commendatam

304 4570 499 4624 GL¹P
524 4570 855 4639 (conmendo
886 4570 958 4638 V)
1070 4576 1135 4623 21
1176 4587 1242 4623 eo
1271 4572 1348 4639 80]
1386 4586 1479 4623 008
1510 4570 1561 4622 ei
1593 4570 1661 4636 G,
1701 4584 1822 4637 eoq;
1854 4570 1918 4623 N
2023 4574 2088 4621 23
2120 4566 2378 4635 proprius
2409 4566 2482 4619 M

2103 4655 2170 4706 7*

1803 4842 2338 4964 412120
