3259 5209
575 456 700 522 158
1265 457 1321 514 C.
1363 458 1677 514 SVETONI
1715 458 2158 524 TRANQVILLI

469 619 560 686 ’70
746 620 939 686 Artes
1004 621 1301 686 liberales
1366 622 1703 706 utriusque
1776 623 2030 708 generis
2105 621 2576 688 studiosissime
2642 619 2860 686 coluit.

568 727 637 791 in
700 728 989 793 oratione
1045 728 1276 794 Latina
1340 733 1595 794 secutus
1660 734 1758 794 est
1823 729 2176 794 Coruinum
2241 729 2610 812 Messalam,
2671 748 2858 810 quem

570 853 783 900 senem
838 834 1208 900 adulescens
1264 836 1652 901 obseruarat.
1735 835 1845 900 sed
1893 835 2320 900 adfectatione
2375 839 2440 899 et
2483 833 2862 898 morositate

568 941 770 1005 nimia
826 941 1210 1007 obscurabat
1274 943 1523 1026 stilum,
1586 945 1663 1007 ut
1717 943 2050 1026 aliquanto
2108 964 2185 1008 ex
2239 946 2530 1026 tempore
2587 963 2778 1025 quam
2824 963 2863 1004 a

499 1063 530 1111 2
568 1067 719 1110 cura
771 1050 1205 1131 praestantior
1254 1048 1617 1114 haberetur.
1711 1049 2078 1133 composuit
2132 1053 2198 1113 et
2257 1071 2509 1114 carmen
2564 1047 2863 1132 lyricum,
2927 1071 2958 1114 ε

570 1154 751 1218 cuius
800 1160 897 1219 est
941 1155 1173 1220 titulus
1220 1156 1679 1239 conquestio
1727 1156 1812 1219 de
1858 1162 2102 1221 morte
2152 1155 2222 1219 L.
2273 1153 2640 1219 Caesaris.
2711 1154 2864 1218 fecit

568 1265 633 1324 et
697 1259 937 1326 Graeca
1000 1267 1297 1348 poemata
1361 1262 1652 1327 imitatus
1717 1261 2206 1346 Euphorionem
2281 1266 2346 1328 et
2409 1260 2732 1326 Rhianum
2798 1264 2864 1324 et

567 1367 1011 1454 Parthenium,
1069 1371 1301 1453 quibus
1360 1371 1571 1456 poetis
1626 1369 1972 1434 admodum
2029 1369 2383 1435 delectatus
2432 1368 2674 1452 scripta
2729 1389 2863 1432 om-

566 1475 746 1540 nium
794 1481 858 1541 et
904 1477 1217 1562 imagines
1262 1476 1541 1561 publicis
1587 1476 2001 1541 bibliothecis
2058 1479 2229 1541 inter
2272 1479 2524 1541 ueteres
2572 1479 2638 1538 et
2681 1496 2862 1558 prae-

567 1582 792 1667 cipuos
840 1587 1133 1649 auctores
1178 1583 1523 1668 dedicauit3
1571 1588 1636 1648 et
1683 1585 1766 1649 ob
1804 1584 1929 1649 hoc
1965 1583 2259 1669 plerique
2299 1582 2691 1648 eruditorum
2732 1602 2864 1644 cer·
2896 1607 2960 1646 ιο

496 1703 527 1751 3
564 1690 755 1753 tatim
802 1690 879 1754 ad
923 1713 1068 1756 eum
1086 1691 1311 1756 -multa
1349 1691 1426 1755 de
1462 1690 1565 1755 his
1604 1690 1956 1755 ediderunt.
2040 1690 2320 1754 maxime
2355 1693 2575 1753 tamen
2613 1688 2864 1754 curauit

564 1797 864 1860 notitiam
912 1796 1216 1862 historiae
1260 1798 1571 1861 fabularis
1616 1820 1822 1881 usque
1869 1798 1950 1861 ad
1997 1797 2275 1884 ineptias
2321 1801 2517 1880 atque
2555 1795 2864 1876 derisum;

566 1925 714 1966 nam
780 1908 844 1967 et
907 1905 1389 1991 grammaticos,
1456 1904 1631 1987 quod
1695 1926 1897 1990 genus
1961 1902 2299 1969 hominum
2354 1903 2725 1988 praecipue,
2789 1905 2864 1965 ut

565 2008 864 2096 diximus,
903 2011 1264 2096 appetebat,
1302 2013 1438 2076 eius
1476 2010 1650 2075 modi
1687 2013 1821 2076 fere
1860 2010 2345 2094 quaestionibus
2385 2009 2863 2094 experiebatur:

566 2138 752 2199 quae
799 2123 1042 2182 mater
1086 2117 1471 2202 Hecubae,
1528 2119 1728 2202 quod
1774 2115 2393 2183 Achilli-nomen
2447 2117 2654 2180 inter
2708 2116 2860 2181 uir·
2899 2142 2956 2181 ιε

565 2222 781 2306 gines
844 2224 1151 2308 fuisset,
1212 2225 1395 2309 quid
1462 2223 1770 2289 Sirenes
1836 2229 2146 2288 cantare
2195 2224 2354 2287 sint
2417 2224 2715 2288 solitae.
2800 2227 2866 2286 et

565 2351 692 2412 quo
730 2330 1012 2413 primum
1050 2330 1154 2396 die
1188 2335 1338 2416 post
1377 2353 1710 2395 excessum
1748 2330 2032 2416 Augusti
2070 2330 2314 2395 curiam
2351 2329 2643 2416 intrauit,
2680 2330 2864 2413 quasi

562 2435 790 2518 pietati
858 2437 1053 2502 simul
1124 2459 1197 2501 ac
1258 2438 1561 2524 religioni
1638 2437 1793 2500 satis
1867 2437 2153 2501 facturus
2217 2435 2502 2501 Minonis
2568 2435 2863 2519 exemplo

562 2545 706 2606 ture
771 2543 1029 2626 quidem
1092 2566 1167 2609 ac
1238 2545 1393 2610 uino
1466 2567 1691 2609 uerum
1765 2545 1902 2610 sine
1968 2543 2233 2608 tibicine
2307 2543 2727 2628 supplicauit,
2789 2545 2865 2607 ut

461 2645 499 2710 '7
508 2644 673 2712 lille
720 2650 877 2714 olim
935 2651 1003 2714 in
1058 2656 1265 2716 morte
1320 2652 1456 2716 filii.
1543 2673 1836 2716 sermone
1885 2650 2128 2716 Graeco
2176 2673 2566 2736 quamquam
2618 2649 2863 2732 alioqui
2890 2675 2956 2716 ιο

560 2762 898 2840 promptus
954 2763 1018 2821 et
1073 2757 1282 2823 facilis
1292 2810 1309 2841 ,
1363 2781 1494 2823 non
1553 2763 1768 2823 tamen
1824 2780 2026 2841 usque
2085 2779 2336 2842 quaque
2391 2779 2546 2822 usus
2602 2761 2699 2820 est
2755 2755 2862 2820 ab·

562 2863 919 2948 stinuitque
974 2864 1254 2930 maxime
1309 2867 1376 2929 in
1434 2861 1687 2948 senatu3
1744 2866 1902 2929 adeo
1960 2865 2248 2949 quidem,
2295 2869 2368 2928 ut
2414 2862 2861 2948 monopolium

561 2970 1010 3035 nominaturus
1065 2972 1319 3036 ueniam
1376 2973 1555 3057 prius
1601 2973 1987 3056 postularet,
2045 2971 2217 3055 quod
2266 2972 2392 3036 sibi
2437 2971 2640 3036 uerbo
2686 2993 2863 3054 pere-

562 3077 747 3162 grino
803 3079 1112 3142 utendum
1170 3084 1350 3145 esset.
1429 3084 1621 3162 atque
1680 3079 1872 3143 etiam
1930 3099 2076 3143 cum
2135 3078 2203 3141 in
2257 3079 2536 3162 quodam
2605 3077 2860 3142 decreto

560 3188 816 3266 patrum
863 3182 1165 3269 ἔμβλημα
1209 3186 1615 3269 recitaretur,
1663 3186 2181 3250 commutandam
2231 3165 2480 3249 censuit
2523 3206 2750 3249 uocem
2795 3189 2862 3248 et
2890 3205 2950 3244 ss

558 3313 677 3374 pro
741 3292 1079 3378 peregrina
1143 3297 1494 3356 nostratem
1560 3293 2007 3375 requirendam
2065 3296 2204 3374 aut,
2261 3293 2313 3354 si
2371 3313 2501 3355 non
2555 3291 2862 3376 reperire-

560 3400 683 3482 tur,
733 3397 836 3461 uel
873 3397 1169 3481 pluribus
1208 3403 1270 3463 et
1306 3421 1424 3483 per
1461 3399 1777 3463 ambitum
1824 3399 2172 3463 uerborum
2211 3421 2345 3463 rem
2383 3397 2864 3464 enuntiandam.

706 3615 730 3661 1
772 3609 1051 3662 Einhard.
1082 3614 1155 3662 25
1197 3613 1344 3662 artes
1382 3609 1647 3663 liberales
1687 3609 2101 3663 studiosissime
2141 3608 2332 3663 coluit.
2491 3616 2524 3662 4
2563 3611 2719 3679 Epic.
2748 3613 2858 3675 2.5

558 3687 867 3756 repentinis
904 3688 1362 3757 responsionibus
1392 3693 1491 3743 aut
1520 3689 1772 3744 consiliis
1800 3689 2001 3743 melior
2028 3707 2197 3758 quam
2225 3688 2533 3743 meditatis.
2579 3691 2660 3756 cf..
2677 3691 2860 3744 Victor

563 3768 710 3821 Gaea
739 3772 793 3833 2,
818 3774 847 3822 1
886 3769 1112 3838 ingenio
1154 3771 1224 3822 ad
1262 3771 1557 3838 repentina
1594 3769 1761 3839 longe
1801 3769 2029 3823 acriore.

704 3951 735 3998 6
776 3946 1161 4014 conquaesitio
1195 3949 1287 4012 M,
1336 3947 1685 4016 conquesitio
1724 3948 1855 4013 VL,
1904 3947 2241 4014 conquisitio
2274 3951 2358 4003 ‘m
2511 3953 2542 4001 8
2583 3945 2855 4018 omnium]

559 4042 748 4079 eorum
786 4027 936 4096 uuly.
974 4035 1095 4095 post
1131 4029 1247 4081 edd.
1280 4029 1460 4098 princ,
1502 4027 1727 4096 (quibus
1773 4046 1941 4096 usque
1983 4029 2232 4082 omnium
2269 4047 2370 4084 om.
2403 4029 2573 4098 LP1),
2621 4028 2856 4096 omni<a

560 4106 793 4177 eor>um
832 4108 1272 4177 Sakellaropulos
1402 4115 1465 4162 12
1506 4109 1701 4180 atque]
1742 4110 1799 4161 et
1831 4108 1881 4162 G
2022 4113 2086 4162 18
2125 4108 2359 4162 facturis
2393 4111 2464 4164 Μ
2469 4109 2488 4140 ¹
2611 4105 2855 4161 minonis

558 4186 702 4255 (mil-
749 4189 819 4256 T)
862 4186 1151 4256 MX‘HR,
1195 4188 1397 4241 minois
1440 4188 1542 4258 GQ
1588 4188 1677 4255 (cf.
1723 4187 1903 4244 Galba
1939 4191 1996 4257 2)
2217 4196 2281 4241 19
2320 4189 2484 4242 thure
2533 4187 2860 4257 GHQLPT

559 4274 627 4320 20
675 4267 926 4336 alioquin
980 4268 1117 4322 G¹X
1156 4271 1236 4338 (in
1279 4269 1327 4322 G
1375 4286 1509 4323 corr.
1550 4286 1617 4322 m.
1658 4269 1937 4336 antiqua),
1996 4268 2138 4321 alias
2185 4286 2219 4328 ς
2266 4269 2404 4337 (edd.
2443 4269 2602 4324 Rom.
2642 4268 2772 4321 Ven.
2803 4267 2856 4334 I,

561 4350 728 4418 uuly.)
866 4355 933 4401 23
970 4349 1125 4418 prius
1162 4348 1389 4402 ueniam
1420 4349 1532 4418 HQ
1570 4349 1761 4416 (ιιιιῖῃ.)
1889 4348 2193 4416 postularit
2221 4351 2496 4404 Erasmus
2621 4353 2690 4400 24
2727 4363 2854 4400 cum

550 4435 674 4496 post
710 4431 933 4497 patrum
973 4436 1193 4496 ponunt
1221 4431 1281 4482 H
1292 4430 1337 4498 Q
1495 4434 1561 4481 25
1612 4428 1938 4482 ΕΜΒΛΕΜὰ
1979 4431 2051 4482 M
2062 4429 2206 4483 VLS
2239 4431 2303 4498 (ὰ
2339 4447 2440 4498 pro
2478 4431 2522 4481 Λ
2559 4429 2622 4482 in
2660 4427 2851 4496 LST),

558 4511 758 4563 lamma
798 4511 859 4561 in
898 4511 963 4575 P,
1001 4528 1101 4564 om.
1142 4511 1191 4563 T
1310 4508 1591 4562 censuerit
1617 4509 1891 4562 Erasmus
2013 4515 2079 4562 26
2118 4509 2417 4562 nostratim
2449 4509 2612 4564 Mad
2728 4508 2851 4578 aut]

556 4592 620 4642 ut
652 4591 725 4644 M
862 4606 975 4642 non
1010 4607 1110 4644 om.
1146 4591 1197 4642 V
1334 4595 1399 4643 27
1439 4589 1626 4641 uerbis
1665 4589 1896 4658 Bentley
