3259 5209
646 443 778 508 260
1341 444 1398 498 C.
1438 443 1755 499 SVETONI
1790 443 2238 509 TRANQVILLI

645 630 869 691 pessus
926 611 1240 672 terrarum
1301 609 1476 672 orbis
1533 607 1793 672 tandem
1850 607 2169 690 destituit,
2228 609 2487 672 initium
2556 607 2939 672 facientibus

650 713 850 778 Gallis
899 715 1058 778 duce
1105 711 1272 778 Iulio
1303 713 1594 796 Vindice,
1642 715 1753 797 qui
1798 718 1937 777 tum
1987 735 2125 778 eam
2164 716 2567 798 prouinciam
2606 737 2725 798 pro
2764 737 2942 798 prae-

645 825 786 884 tore
833 820 1180 906 optinebat.

574 946 606 993 2
823 925 1230 993 Praedictum
1296 949 1334 990 a
1397 927 1869 992 mathematicis
1934 927 2179 991 Neroni
2246 927 2402 992 olim
2467 932 2604 992 erat
2668 929 2808 992 fore
2870 933 2946 991 ut

649 1032 1032 1118 quandoque
1089 1033 1572 1119 destitueretur3
1627 1034 1797 1098 unde
1844 1033 1959 1097 illa
2002 1057 2131 1099 uox
2189 1033 2325 1097 eius
2380 1033 2824 1099 celeberrima:
2870 1036 2944 1098 τὸ
3000 1059 3031 1099 ⁵

646 1140 910 1224 τέχνιον
955 1141 1124 1225 ἡμᾶς
1171 1139 1537 1226 διατρέφει,
1594 1163 1722 1224 quo
1780 1141 2020 1205 maiore
2075 1140 2321 1206 scilicet
2374 1141 2565 1206 uenia
2608 1142 2946 1206 meditare-

647 1251 754 1311 tur
803 1247 1298 1312 citharoedicam
1345 1251 1572 1329 artem,
1621 1249 1896 1331 principi
1943 1247 2067 1311 sibi
2112 1253 2383 1334 gratam.
2428 1249 2685 1331 priuato
2732 1270 2945 1312 neces-

647 1355 898 1418 sariam.
981 1355 1457 1438 spoponderant
1497 1358 1715 1420 tamen
1754 1354 2012 1437 quidam
2062 1355 2371 1418 destituto
2412 1353 2696 1418 Orientis
2745 1356 2951 1420 domi-

645 1462 990 1544 nationem,
1035 1460 1333 1525 nonnulli
1379 1461 1761 1525 nominatim
1809 1483 2080 1547 regnum
2128 1460 2761 1546 Hierosolymorum,
2806 1462 2951 1546 plu-

646 1589 747 1633 res
796 1569 1004 1631 omnis
1050 1567 1361 1652 pristinae
1406 1553 1703 1632 fortunae
1749 1569 2243 1632 restitutionem.
2327 1569 2431 1632 cui
2478 1569 2614 1652 spei
2662 1569 2951 1652 pronior,
2984 1593 3037 1632 ιο

647 1675 987 1740 Britannia
1031 1674 1466 1758 Armeniaque
1514 1676 1753 1739 amissa
1798 1696 1871 1738 ac
1918 1697 2139 1739 rursus
2187 1681 2457 1758 utraque
2504 1680 2787 1759 recepta,
2845 1676 2953 1738 de-

577 1801 608 1848 3
647 1784 942 1846 functum
1008 1803 1075 1846 se
1138 1781 1444 1846 fatalibus
1510 1781 1697 1846 malis
1763 1782 2191 1846 existimabat.
2292 1786 2366 1845 ut
2428 1804 2582 1846 uero
2649 1782 2951 1846 consulto

649 1889 919 1973 Delphis
980 1887 1281 1972 Apolline
1338 1889 1926 1976 septuagensimum
1983 1911 2056 1953 ac
2114 1890 2374 1953 tertium
2436 1911 2673 1952 annum
2722 1910 2952 1952 cauen-

649 1995 800 2058 dum
858 1995 982 2059 sibi
1031 1996 1306 2078 audiuit,
1369 1995 1549 2078 quasi
1598 2018 1673 2058 eo
1736 1997 1992 2059 demum
2055 1985 2377 2079 obiturus,
2436 2017 2511 2060 ac
2569 1996 2734 2060 nihil
2800 2017 2951 2060 con—

649 2101 892 2167 iectans
949 2103 1026 2166 de
1083 2107 1291 2166 aetate
1349 2100 1614 2174 Galbae,
1671 2106 1853 2167 tanta
1907 2102 2142 2166 fiducia
2195 2125 2327 2166 non
2382 2103 2574 2167 modo
2622 2108 2947 2168 senectam
2982 2126 3033 2164 1⁵

650 2209 760 2273 sed
817 2211 1008 2272 etiam
1065 2214 1438 2292 perpetuam
1499 2209 2019 2295 singularemque
2075 2210 2369 2293 concepit
2425 2209 2829 2292 felicitatem,
2874 2215 2951 2273 ut

651 2316 904 2380 amissis
960 2317 1297 2402 naufragio
1354 2316 1840 2399 pretiosissimis
1895 2316 2087 2381 rebus
2142 2338 2271 2380 non
2327 2317 2723 2380 dubitauerit
2778 2317 2951 2380 inter

651 2445 800 2486 suos
847 2422 1056 2486 dicere
1104 2422 1354 2505 pisces
1401 2445 1524 2487 eas
1572 2423 1724 2487 sibi
1768 2423 2171 2488 relaturos.

575 2547 612 2593 4
828 2528 1102 2612 Neapoli
1161 2529 1236 2593 de
1299 2535 1480 2594 motu
1528 2529 1885 2594 Galliarum
1932 2530 2241 2615 cognouit
2288 2530 2390 2594 die
2447 2531 2591 2613 ipso
2640 2551 2767 2612 quo
2816 2553 2950 2593 ma-

648 2640 814 2699 trem
872 2637 1215 2716 occiderat,
1275 2637 1560 2720 adeoque
1619 2637 1790 2700 lente
1850 2659 1924 2701 ac
1984 2659 2201 2700 secure
2262 2637 2415 2699 tulit
2474 2640 2547 2699 ut
2606 2637 2949 2722 gaudentis
2978 2657 3035 2696 no

647 2744 844 2807 etiam
894 2743 1326 2826 suspicionem
1371 2744 1708 2828 praeberet
1745 2749 2071 2828 tamquam
2113 2743 2444 2808 occasione
2480 2747 2635 2808 nata
2672 2743 2952 2827 spolian-

648 2851 878 2914 darum
935 2851 1070 2915 iure
1125 2850 1280 2915 belli
1337 2850 1971 2934 opulentissimarum
2031 2849 2537 2934 prouinciarum3
2597 2851 2949 2932 statimque

649 2959 720 3022 in
767 2958 1175 3041 gymnasium
1222 2979 1601 3042 progressus
1649 2959 1953 3021 certantis
1992 2956 2267 3020 athletas
2305 2956 2693 3020 effusissimo
2734 2955 2948 3020 studio

649 3064 985 3148 spectauit.
1087 3086 1279 3128 cenae
1362 3084 1618 3148 quoque
1690 3068 1981 3148 tempore
2064 3062 2510 3146 interpellatus
2594 3061 2951 3126 tumultuo-

651 3171 928 3235 sioribus
975 3171 1210 3236 litteris
1275 3171 1584 3234 hactenus
1650 3171 2017 3252 excanduit,
2081 3175 2155 3234 ut
2222 3168 2464 3233 malum
2530 3171 2612 3234 iis
2679 3171 2791 3252 qui
2847 3169 2950 3231 de-
2980 3189 3035 3228 85

653 3279 922 3343 scissent
995 3279 1364 3342 minaretur.
1458 3277 1731 3360 denique
1796 3299 1911 3361 per
1984 3281 2131 3341 octo
2206 3276 2545 3340 continuos
2619 3276 2754 3339 dies
2818 3297 2949 3339 non

651 3386 997 3450 rescribere
1055 3386 1384 3468 cuiquam,
1437 3406 1566 3448 non
1623 3383 1925 3448 mandare
1980 3383 2135 3466 quid
2192 3387 2305 3446 aut
2349 3381 2716 3466 praecipere
2764 3402 2950 3445 cona-

544 3487 634 3554 41
653 3497 758 3555 tus
807 3514 940 3555 rem
998 3491 1256 3556 silentio
1305 3488 1782 3578 oblit[t]erauit.
1865 3489 2092 3554 edictis
2146 3490 2405 3554 tandem
2452 3487 2748 3570 Vindicis
2803 3509 2953 3551 con-

653 3598 1012 3661 tumeliosis
1069 3603 1134 3661 et
1179 3597 1622 3681 frequentibus
1679 3601 2009 3680 permotus
2067 3601 2359 3660 senatum
2416 3595 2696 3678 epistula
2743 3595 2813 3659 in
2858 3593 2955 3657 ul-

654 3706 895 3770 tionem
943 3706 1044 3769 sui
1089 3706 1308 3788 reique
1353 3704 1650 3788 publicae
1696 3704 2073 3768 adhortatus
2120 3708 2246 3787 est,
2293 3705 2592 3767 excusato
2638 3701 2953 3786 languore
2980 3721 3035 3760 so

800 3869 862 3917 11
905 3881 958 3918 u.
997 3862 1073 3917 ad
1103 3867 1406 3932 p.258,14

799 4023 830 4071 2
870 4014 1074 4070 Galliis
1102 4016 1337 4087 Bentley
1481 4021 1513 4068 ὅ
1551 4011 1889 4069 creberrima
1919 4014 2151 4084 Bentley
2296 4014 2384 4066 tot
2420 4012 2675 4066 ΕΧΝΙΟΝ
2707 4011 2795 4079 M,
2831 4013 2954 4065 tote

653 4098 899 4152 ΘΧΝΙΟΝ
937 4099 1007 4164 X,
1045 4096 1455 4150 ΤΟΥΕΧΝΙΟΝ
1491 4098 1541 4149 Τ
1681 4099 1713 4148 6
1752 4093 2151 4150 ΔΙΔΤΡΕΟΦΕΙ
2192 4093 2349 4164 (ΔΙΔ-
2374 4091 2445 4162 L,
2482 4091 2629 4148 Die&—
2656 4091 2728 4160 S)
2767 4091 2951 4158 MLS,

654 4178 878 4248 MMuel
915 4176 1297 4246 ΔΙΔ)ΤΡΕΦΕΙ
1345 4176 1458 4242 rel..
1497 4172 1806 4244 ὃιαθρέψει
1850 4175 2135 4230 Tuo-nebus
2179 4190 2206 4228 e
2242 4173 2453 4240 Dione,
2499 4173 2589 4227 ἀεὶ
2633 4169 2829 4240 τρέφει
2874 4173 2953 4226 Is.

667 4259 889 4314 Vossius
1025 4263 1058 4311 8
1097 4257 1325 4326 quidem
1363 4259 1414 4326 (e
1442 4274 1620 4326 paene
1648 4259 1826 4326 crasa)
1859 4257 1935 4312 M
1952 4249 1955 4251 Α
2047 4253 2489 4309 dominationem
2516 4252 2955 4322 (ordinationem

655 4341 740 4409 Π)
780 4338 1012 4393 orientis
1049 4340 1098 4390 Τ
1223 4343 1288 4390 10
1328 4340 1445 4391 ofns
1479 4339 1552 4392 M
1676 4341 1740 4388 12
1778 4334 1944 4390 malis
1973 4333 2246 4389 fatalibus
2275 4333 2583 4406 estimabat
2612 4331 2665 4387 G
2778 4339 2841 4386 19
2882 4331 2953 4385 de

652 4419 778 4488 ipso
809 4417 908 4487 qui
940 4417 993 4472 G
1169 4422 1235 4470 20
1273 4416 1576 4488 gaudentis
1613 4417 1951 4483 Beroaldus,
1987 4414 2407 4484 gaudentibms)
2454 4412 2675 4483 (-dendi
2714 4412 2851 4482 HR)
2881 4415 2953 4479 Ω,

646 4501 1014 4570 perscriptum
1060 4499 1122 4552 in
1171 4498 1223 4552 G
1381 4502 1445 4551 21
1496 4497 1848 4551 occasionem
1883 4498 2083 4552 nactus
2123 4515 2155 4555 ς
2193 4495 2426 4565 Bentley
2590 4499 2657 4547 28
2694 4492 2952 4548 Vindicis

657 4581 800 4652 (et)
840 4581 1072 4651 Bentley
