3259 5209
1146 421 1481 478 TIBERIVS
1518 433 1650 483 [car.
1679 433 1830 483 s—n]
2513 420 2640 486 125

340 608 426 650 an
472 590 547 649 ut
591 585 799 650 uitato
850 585 1245 650 assiduitatis
1290 584 1555 650 fastidio
1604 585 2054 650 auctoritatem
2101 584 2392 649 absentia
2437 587 2640 648 tuere-

340 697 451 756 tur
514 695 709 776 atque
771 694 963 779 etiam
1030 697 1320 778 augeret,
1376 693 1432 756 si
1488 691 1744 776 quando
1810 691 2193 776 indiguisset
2259 691 2358 754 sui
2421 713 2522 755 res
2578 714 2638 774 p.

342 799 608 882 quidam
654 801 1045 882 existimant,
1090 799 1328 864 adultis
1375 799 1503 862 iam
1549 797 1832 884 Augusti
1878 798 2120 882 liberis,
2165 798 2309 863 loco
2356 800 2420 861 et
2458 797 2639 881 quasi

340 908 747 990 possessione
795 907 1090 990 usurpati
1138 929 1175 970 a
1229 927 1295 970 se
1342 905 1453 970 diu
1500 906 1760 970 secundi
1816 904 2054 992 gradus
2100 910 2331 989 sponte
2377 905 2642 969 cessisse

284 1035 311 1076 5
342 1013 639 1096 exemplo
701 1013 785 1077 M.
824 1013 1181 1100 Agrippae,
1246 1013 1357 1096 qui
1412 1011 1499 1076 M.
1537 1011 1844 1076 Marcello
1909 1012 1986 1075 ad
2053 1033 2320 1076 munera
2383 1011 2642 1095 publica

340 1120 605 1184 admoto
650 1119 996 1203 Mytilenas
1042 1119 1292 1203 abierit,
1338 1142 1417 1183 ne
1464 1123 1577 1183 aut
1622 1118 1880 1183 obstare
1917 1124 2028 1182 aut
2066 1117 2428 1182 obtrectare
2463 1139 2641 1202 prae-

340 1247 487 1288 sens
545 1225 891 1292 uideretur.
985 1249 1177 1310 quam
1237 1247 1492 1292 causam
1553 1231 1617 1290 et
1674 1226 1837 1310 ipse,
1893 1223 2003 1290 sed
2049 1231 2298 1309 postea,
2345 1225 2638 1288 reddidit.
2679 1242 2711 1287 2

340 1337 499 1396 tunc
544 1337 758 1398 autem
806 1334 1125 1398 honorum
1173 1334 1533 1398 satietatem
1578 1354 1650 1396 ac
1687 1333 1974 1416 requiem
2011 1331 2304 1397 laborum
2353 1336 2641 1415 praeten-

341 1438 499 1502 dens
546 1445 974 1506 commeatum
1020 1441 1210 1525 petit3
1264 1463 1471 1524 neque
1518 1445 1631 1504 aut
1677 1440 1869 1503 matri
1927 1439 2307 1524 suppliciter
2353 1439 2638 1522 precanti

258 1571 313 1612 ιο
342 1550 457 1609 aut
502 1546 736 1611 uitrico
785 1547 989 1612 deseri
1036 1571 1103 1612 se
1150 1547 1343 1612 etiam
1394 1547 1458 1610 in
1506 1551 1734 1611 senatu
1773 1546 2190 1630 conquerenti
2235 1546 2492 1610 ueniam
2540 1545 2640 1608 de-

342 1652 455 1716 dit.
550 1654 707 1736 quin
762 1660 827 1718 et
873 1654 1267 1739 pertinacius
1320 1653 1775 1736 retinentibus,
1839 1653 1984 1718 cibo
2039 1675 2156 1737 per
2211 1651 2640 1736 quadriduum

341 1759 673 1825 abstinuit.
767 1761 935 1826 facta
1008 1762 1267 1825 tandem
1332 1761 1609 1825 abeundi
1675 1764 2026 1844 potestate,
2090 1759 2334 1824 relictis
2399 1757 2642 1822 Romae

344 1888 544 1930 uxore
600 1872 665 1932 et
720 1868 857 1932 filio
906 1868 1245 1933 confestim
1292 1865 1541 1932 Ostiam
1597 1867 1954 1950 descendit,
2007 1888 2087 1930 ne
2133 1865 2333 1930 uerbo
2382 1863 2638 1948 quidem

342 1974 642 2057 cuiquam
700 1975 1229 2059 prosequentium
1286 1975 1536 2038 reddito
1594 1994 1962 2058 paucosque
2025 1971 2372 2037 admodum
2429 1973 2496 2034 in
2553 1970 2641 2033 di-

258 2101 313 2144 15
342 2101 571 2166 gressu
626 2081 1047 2146 exosculatus,
1138 2081 1220 2144 ab
1278 2079 1459 2146 Ostia
1523 2103 1704 2145 oram
1763 2079 2146 2164 Campaniae
2201 2079 2420 2164 legens
2467 2077 2642 2141 iube·
2664 2076 2746 2140 ll

344 2187 614 2251 cillitate
678 2187 961 2274 Augusti
1033 2189 1331 2251 nuntiata
1398 2188 1663 2273 paulum
1739 2187 2047 2250 substitit.
2147 2186 2260 2250 sed
2327 2184 2642 2248 increbre-

344 2298 560 2357 scente
606 2316 865 2358 rumore
914 2295 1095 2378 quasi
1144 2294 1224 2358 ad
1270 2295 1666 2359 occasionem
1717 2294 1979 2358 maioris
2036 2294 2171 2378 spei
2221 2313 2640 2357 commorare-

314 2404 471 2482 .tur,
517 2404 773 2465 tantum
828 2423 961 2466 non
1016 2401 1303 2466 aduersis
1351 2400 1844 2485 tempestatibus
1891 2400 2194 2465 Rhodum
2253 2400 2644 2486 enauigauit,

344 2507 734 2571 amoenitate
779 2513 844 2572 et
890 2508 1267 2572 salubritate
1306 2507 1549 2572 insulae
1588 2509 1717 2571 iam
1753 2507 1904 2572 inde
1941 2513 2164 2592 captus
2203 2529 2348 2571 cum
2387 2507 2468 2571 ad
2503 2529 2641 2570 eam

258 2635 315 2676 ιο
343 2612 425 2677 ab
464 2611 773 2678 Armenia
810 2614 1061 2678 rediens
1098 2615 1469 2699 appulisset.
1542 2614 1649 2678 hic
1685 2614 1958 2680 modicis
2005 2618 2343 2678 contentus
2380 2612 2644 2677 aedibus

342 2741 460 2784 nec
506 2720 714 2786 multo
762 2721 1006 2785 laxiore
1053 2721 1422 2786 suburbano
1470 2744 1675 2808 genus
1721 2723 1894 2786 uitae
1943 2721 2132 2785 ciuile
2169 2721 2512 2785 admodum
2555 2721 2646 2784 in-

346 2827 579 2910 stituit,
620 2828 757 2891 sine
793 2827 1021 2893 lictore
1060 2833 1173 2892 aut
1208 2828 1458 2892 uiatore
1486 2828 1827 2915 gymnasio
1859 2828 2180 2892 interdum
2221 2827 2644 2891 obambulans

346 2938 699 3017 mutuaque
744 2957 891 2998 cum
942 2933 1270 2999 Graeculis
1319 2935 1534 2999 officia
1578 2957 1900 3020 usurpans
1946 2956 2148 3019 prope
2196 2956 2274 2998 ex
2321 2954 2541 3016 aequ0.

524 3039 721 3106 Forte
750 3042 1074 3125 quondam
1112 3042 1180 3104 in
1210 3042 1608 3125 disponendo
1647 3042 1750 3105 die
1787 3063 1974 3105 mane
2013 3041 2432 3125 praedixerat,
2463 3041 2644 3123 quid·
2683 3055 2713 3100 2

260 3167 317 3209 25
348 3147 505 3231 quid
551 3169 892 3233 aegrorum
942 3148 1005 3212 in
1056 3148 1321 3212 ciuitate
1368 3152 1533 3212 esset
1579 3149 1842 3212 uisitare
1890 3171 1955 3211 se
1992 3147 2185 3228 uelle3
2233 3147 2299 3211 id
2345 3169 2382 3211 a
2427 3148 2645 3231 proxi-

346 3255 468 3318 mis
526 3255 715 3319 aliter
770 3259 1109 3339 exceptum
1166 3255 1448 3337 iussique
1505 3258 1656 3318 sunt
1705 3277 1926 3319 omnes
1983 3255 2158 3340 aegri
2207 3253 2274 3316 in
2319 3254 2644 3336 publicam

345 3362 667 3445 porticum
718 3362 951 3426 deferri
998 3383 1072 3426 ac
1126 3383 1242 3445 per
1285 3361 1721 3426 ualitudinum
1767 3383 2004 3446 genera
2052 3360 2326 3445 disponi.
2402 3360 2646 3444 percul-

346 3489 455 3531 sus
512 3489 665 3554 ergo
723 3468 1059 3553 inopinata
1111 3491 1179 3532 re
1236 3469 1471 3552 diuque
1528 3469 1684 3552 quid
1738 3473 1958 3553 ageret
2013 3469 2322 3552 incertuS,
2387 3468 2645 3532 tandem

348 3576 640 3660 singulos
695 3575 923 3639 circuit
978 3597 1287 3639 excusans
1344 3576 1581 3639 factum
1633 3577 1827 3639 etiam
1875 3575 2254 3640 tenuissimo
2304 3576 2535 3659 cuique
2583 3580 2647 3639 et

263 3701 321 3742 ω
348 3681 591 3768 ignot0.
675 3703 875 3746 unum
922 3681 1045 3746 hoc
1092 3682 1282 3746 modo
1330 3703 1535 3765 neque
1586 3685 1914 3765 praeterea
1961 3681 2304 3765 quiequam
2351 3687 2644 3745 notatum
2686 3693 2718 3740 3

492 3962 525 4007 4
565 3958 762 4024 sponte
800 3972 899 4010 om.
934 3955 985 4009 G
1160 3961 1189 4008 9
1229 3955 1399 4024 petiit
1442 3956 1551 4008 ΤΤ
1724 3961 1783 4007 11
1827 3955 1948 4025 per]
1987 3957 2045 4008 et
2081 3971 2182 4023 per
2213 3957 2262 4008 G
2436 3955 2648 4023 quatri-

349 4035 523 4088 duum
552 4035 888 4104 (quadruum
911 4035 1005 4103 ΡΙ,
1040 4035 1292 4089 triduum
1314 4035 1414 4104 R1)
1435 4037 1505 4100 Ω,
1542 4036 1610 4101 cf.
1636 4035 1778 4104 Any.
1803 4039 1876 4088 9&
1901 4052 1957 4102 p.
1982 4039 2106 4099 112,
2125 4040 2201 4088 2&
2315 4041 2378 4089 13
2419 4052 2520 4088 nec
2542 4037 2654 4087 XII

352 4121 415 4168 17
456 4115 687 4169 maioris
723 4132 825 4170 om.
860 4115 911 4168 V
1088 4119 1150 4168 19
1191 4115 1305 4168 iam
1342 4131 1442 4169 om.
1476 4115 1527 4169 G
1709 4119 1773 4166 22
1824 4116 2120 4182 gymnasia
2168 4133 2234 4168 ex
2271 4116 2472 4182 optimo
2511 4116 2649 4167 libro

351 4195 549 4250 laudat
574 4196 749 4262 Torva,
784 4195 1125 4264 gynnasium
1153 4197 1189 4248 ὃ
1296 4195 1591 4248 ambulans
1625 4195 1677 4248 V
1789 4199 1854 4246 23
1895 4198 2171 4263 usurpant
2195 4195 2245 4247 G
2367 4201 2432 4246 25
2455 4211 2649 4263 aegro-

347 4313 469 4364 tum
509 4313 740 4380 Bentley
787 4313 835 4381 (e
872 4311 986 4366 cod.
1026 4311 1305 4377 sionensi,
1350 4317 1412 4365 ut
1448 4312 1593 4376 wid„
1646 4313 1704 4364 in
1751 4327 1855 4378 quo
1893 4319 1969 4364 est
2008 4280 2308 4380 egrotum),
2357 4307 2651 4363 Graiorum

353 4391 625 4446 Graevius
731 4391 993 4445 uisitaret
1024 4392 1085 4458 V,
1112 4391 1295 4444 uitare
1319 4393 1393 4445 M
1393 4391 1561 4445 GPH
1564 4391 1582 4422 ¹
1702 4395 1767 4442 26
1807 4393 2100 4459 acceptum
2126 4391 2354 4443 Ouwem
2465 4395 2529 4440 27
2551 4407 2652 4457 per

349 4487 450 4524 om.
493 4471 547 4523 V
646 4471 982 4539 disponendi
1014 4471 1109 4525 Μ1
1217 4488 1514 4540 percussus
1556 4472 1607 4525 V
1714 4477 1780 4523 28
1819 4473 2008 4524 tamen
2045 4473 2093 4523 'P
2197 4475 2264 4521 29
2305 4470 2504 4523 circuit
2537 4470 2652 4534 VL,

353 4551 576 4605 circuiit
610 4554 660 4605 Τ
798 4550 1013 4605 factum
1051 4569 1151 4606 om.
1183 4552 1353 4621 H¹Qs
