3259 5209
533 2538 570 2604 1

1393 2356 1729 2422 DIVVS
1793 2357 2116 2422 TITVS

799 2537 1014 2612 Titne,
1074 2539 1456 2623 cognomine
1504 2541 1800 2620 paterno,
1852 2558 2031 2601 amor
2076 2558 2150 2600 ac
2198 2537 2461 2600 deliciae
2508 2538 2759 2622 generis
2808 2535 2930 2600 hu-

625 2645 797 2710 mani
860 2682 941 2690 --
1004 2648 1256 2708 tantum
1319 2644 1415 2707 illi
1476 2643 1552 2706 ad
1620 2643 2104 2726 promerendam
2167 2644 2456 2708 omnium
2517 2643 2925 2709 uoluntatem

626 2752 730 2816 uel
775 2752 1019 2838 ingenii
1067 2752 1174 2815 uel
1219 2753 1372 2814 artis
1420 2751 1528 2815 uel
1561 2749 1857 2815 fortunae
1897 2750 2233 2834 superfuit,
2277 2755 2360 2831 et,
2409 2750 2584 2833 quod
2620 2750 2927 2814 difficilli-

625 2882 802 2924 mum
851 2863 966 2942 est,
1013 2858 1080 2921 in
1127 2858 1416 2941 imperi0‚
1464 2856 1721 2940 quando
1768 2859 2058 2939 priuatus
2107 2861 2299 2940 atque
2349 2858 2541 2921 etiam
2583 2855 2702 2920 sub
2741 2860 2928 2940 patre

624 2967 914 3051 principe
942 2987 1022 3029 ne
1054 2965 1201 3028 odio
1233 2964 1511 3047 quidem,
1540 2965 1774 3028 nedum
1807 2965 2282 3048 uituperatione
2312 2964 2573 3048 publica
2601 2965 2806 3029 caruit
2837 3002 2929 3010 -

623 3077 813 3138 natus
861 3077 959 3136 est
1003 3070 1117 3136 III.
1150 3070 1290 3135 Kal.
1329 3069 1460 3135 Ian.
1501 3070 1739 3155 insigni
1777 3093 1945 3134 anno
1987 3069 2229 3135 Gaiana
2265 3092 2438 3155 nece,
2477 3093 2679 3156 prope
2718 3069 2927 3155 Septi-

624 3181 880 3245 zonium
931 3179 1204 3244 sordidis
1252 3179 1539 3258 aedibus,
1599 3181 1893 3244 cubiculo
1951 3201 2104 3243 uero
2151 3200 2471 3262 perparuo
2521 3183 2585 3242 et
2631 3179 2926 3256 obscure,

771 3353 796 3399 1
842 3349 1076 3416 Eutrop.
1109 3347 1230 3400 VII
1258 3350 1349 3411 21,
1383 3352 1409 3399 1
1454 3347 1585 3399 huic
1623 3344 1785 3398 Titus
1825 3345 1972 3399 filius
2011 3346 2295 3413 successit,
2334 3346 2431 3413 qui
2471 3349 2530 3399 et
2565 3346 2687 3414 ipse
2713 3344 2928 3411 Vespa-

627 3428 817 3480 sianus
858 3431 942 3478 est
981 3427 1183 3491 dicturi,
1222 3426 1310 3479 uir
1348 3427 1596 3479 omnium
1635 3427 1911 3479 uirtutum
1942 3443 2143 3496 genere
2172 3424 2450 3478 mirabilis
2479 3426 2638 3492 ade0,
2675 3427 2741 3478 ut
2769 3441 2931 3479 amor

625 3511 684 3561 et
721 3506 960 3560 deliciae
998 3507 1228 3559 humani
1268 3507 1487 3576 generis
1527 3506 1810 3560 diceretur
1846 3507 2002 3574 (ἔρως
2028 3525 2087 3560 τε
2123 3506 2220 3559 καὶ
2248 3506 2433 3574 τρυφὴ
2470 3514 2570 3559 τοῦ
2600 3510 2817 3574 θνητοῦ
2851 3549 2894 3560 ..
2915 3550 2926 3559 .

625 3584 824 3657 γένους
865 3587 1096 3653 Capito).
1167 3587 1349 3641 Victor
1384 3588 1530 3641 Caes.
1564 3593 1650 3652 10,
1681 3592 1715 3641 6
1751 3587 1972 3655 generis
2010 3586 2243 3639 humani
2283 3584 2516 3639 delicias
2555 3585 2927 3655 appellantes.

627 3667 783 3735 Epic.
815 3671 904 3729 10,
928 3671 955 3717 1
996 3665 1157 3717 Titus
1195 3666 1473 3719 uocabulo
1513 3669 1692 3735 patris
1732 3668 1901 3720 etiam
1943 3666 2323 3735 Vespasianus
2363 3664 2566 3719 dictus.
2642 3672 2730 3730 10,
2759 3672 2794 3720 6
2830 3665 2921 3719 de·

624 3745 792 3798 liciae
840 3747 1009 3813 atque
1057 3761 1215 3799 amor
1260 3746 1492 3799 humani
1529 3747 1767 3814 generis.
1846 3753 1935 3812 10,
1965 3753 2036 3800 16
2083 3764 2209 3801 eum
2248 3745 2482 3799 delicias
2530 3745 2816 3815 publicas,
2863 3750 2930 3799 ut

627 3825 897 3891 diximus,
955 3824 1324 3893 appellantes.
1419 3829 1629 3880 Auson.
1668 3832 1796 3892 259,
1831 3833 1894 3880 11
1952 3826 2113 3880 Titus
2172 3827 2320 3881 orbis
2379 3841 2539 3880 amor
2592 3830 2742 3894 (271,
2769 3830 2843 3896 2).

627 3912 658 3959 2
682 3924 800 3975 sqq.
853 3906 1034 3959 Victor
1085 3906 1230 3960 Caes,
1271 3912 1359 3972 10,
1393 3912 1421 3959 1
1478 3906 1638 3959 Titus
1691 3910 1992 3975 postquam
2042 3907 2334 3975 imperium
2387 3907 2627 3975 adeptus
2675 3910 2786 3973 est,
2845 3907 2927 3959 in-

626 3984 897 4039 credibile
936 3989 1229 4052 quantum,
1269 4003 1435 4054 quem
1476 3987 1833 4052 imitabatur,
1874 3987 2164 4054 anteierit,
2202 3988 2535 4056 praesertim
2573 3987 2779 4040 litteris
2818 3986 2929 4040 cle-

626 4066 950 4134 mentiaque
990 4081 1055 4119 ac
1095 4067 1436 4119 muneribus.
1513 4068 1666 4134 Epit.
1714 4073 1796 4132 10,
1827 4072 1861 4121 3
1917 4068 2013 4120 ubi
2054 4069 2273 4136 patriae
2311 4084 2501 4121 curam
2542 4067 2805 4135 suscepit,
2844 4067 2927 4119 in·

628 4146 898 4200 credibile
928 4150 1030 4212 est,
1062 4149 1352 4214 quantum,
1382 4164 1546 4215 quem
1579 4148 1926 4213 imitabatur,
1966 4147 2247 4212 anteierit,
2277 4147 2580 4215 praecipue
2613 4146 2929 4211 clementia,

628 4226 999 4293 liberalitate,
1057 4227 1483 4279 honorificentia
1531 4244 1594 4281 ac
1643 4228 1918 4296 pecuniae
1965 4230 2314 4296 contemptu,
2372 4243 2517 4295 quae
2574 4243 2639 4281 eo
2685 4225 2929 4294 amplius

628 4310 794 4377 grata
833 4306 1003 4372 fuere,
1043 4307 1195 4375 quod
1234 4323 1300 4360 ex
1341 4306 1624 4360 nonnullis
1657 4323 1690 4359 a
1721 4308 1945 4375 priuato
1979 4307 2165 4362 adhuc
2193 4307 2452 4376 patratis,
2493 4307 2744 4376 asperior
2770 4305 2931 4360 luxu-

628 4388 859 4454 riaeque
905 4389 964 4440 et
1009 4387 1283 4440 auaritiae
1334 4404 1528 4441 amans
1582 4388 1917 4441 credebatur
1955 4387 2073 4440 fore
2111 4389 2344 4456 (partim
2389 4395 2634 4456 spectant
2670 4387 2748 4440 ad
2784 4387 2927 4442 Suet.

630 4485 749 4535 cap.
782 4472 829 4522 6.
865 4471 935 4534 7).

776 4616 807 4662 3
846 4609 1128 4680 fortunae]
1166 4613 1402 4664 naturae
1435 4613 1685 4670 ΡΟΤΝς
1893 4618 1924 4664 5
1964 4610 2201 4665 necdum
2233 4612 2344 4665 HR
2545 4615 2576 4662 6
2614 4609 2716 4663 ΗΠ
2749 4612 2834 4673 Μ,
2874 4617 2934 4663 at

632 4693 829 4743 ultima
865 4691 1023 4745 hasta
1061 4698 1332 4759 expuncta
1477 4692 1636 4760 nece]
1677 4692 1810 4762 cede
1845 4692 1895 4745 G
