3259 5209
550 1117 649 1182 ὅθ

590 1987 626 2032 ‘2

667 422 788 486 192
1352 421 1407 477 C.
1449 422 1763 476 SVETONI
1800 421 2245 487 TRANQVILLI

653 585 868 668 titulo,
915 584 1098 648 alteri
1148 585 1482 670 gladiuS,
1525 585 1711 650 alteri
1760 587 1993 671 pugio
2033 586 2224 649 index
2264 589 2425 667 erat3
2472 585 2663 649 ambo
2700 583 2959 649 nomina

655 695 722 754 et
784 695 972 755 notas
1041 691 1456 756 continebant
1523 693 1717 756 morti
1780 693 2262 757 destinatorum.
2365 692 2628 755 inuenta
2693 692 2759 753 et
2818 710 2962 752 arca

657 799 886 882 ingens
934 799 1258 862 uariorum
1303 819 1701 863 uenenorum
1748 798 1953 882 plena,
2002 799 2237 882 quibus
2284 819 2434 860 mox
2478 819 2519 861 a
2556 795 2824 859 Claudio
2863 795 2961 858 de-

658 907 883 969 mersis
932 905 1168 968 infecta
1211 905 1413 968 maria
1459 905 1802 969 traduntur
1836 927 1968 975 non
2016 905 2153 968 sine
2199 904 2475 990 piscium
2523 903 2755 982 exitio,
2804 923 2963 984 quos

660 1017 918 1077 enectos
964 1015 1176 1075 aestus
1223 1012 1292 1074 in
1337 1011 1632 1094 proxima
1677 1012 1874 1076 litora
1919 1012 2125 1076 eiecit.
3013 1033 3035 1070 ε,

839 1117 1100 1181 Statura
1153 1117 1283 1180 fuit
1335 1118 1671 1200 eminenti,
1727 1118 1939 1182 colore
1986 1117 2335 1202 expallido,
2382 1137 2651 1200 corpore
2700 1114 2966 1198 enormi,

661 1224 1021 1309 gracilitate
1077 1225 1358 1288 maxima
1417 1225 1685 1288 ceruicis
1740 1229 1805 1290 et
1853 1247 2136 1307 crurum,
2195 1224 2398 1288 oculis
2442 1227 2519 1308 ‘et
2563 1221 2967 1305 temporibus

661 1333 979 1415 concauis,
1025 1331 1240 1395 fronte
1285 1329 1418 1394 lata
1472 1336 1538 1394 et
1584 1336 1797 1409 torua,
1854 1331 2089 1415 capillo
2137 1351 2283 1395 raro
2332 1335 2399 1394 at
2444 1330 2613 1394 circa
2658 1329 2967 1394 uerticem

661 1438 868 1523 null0,
943 1438 1230 1501 hirsutus
1296 1441 1520 1501 cetera.
1625 1458 1820 1520 quare
1884 1442 2253 1502 transeunte
2318 1457 2394 1500 eo
2459 1437 2828 1519 prospicere
2891 1457 2968 1498 ex

664 1546 993 1629 superiore
1041 1547 1224 1627 parte
1271 1546 1383 1607 aut
1430 1543 1691 1607 omnino
1740 1565 2142 1626 quacumque
2188 1545 2265 1608 de
2314 1565 2505 1607 causa
2556 1565 2811 1626 capram
2856 1563 2966 1605 no·
2996 1564 3044 1604 ια

661 1651 923 1732 minare,
963 1650 1376 1714 criminosum
1415 1656 1478 1714 et
1518 1650 1775 1714 exitiale
1813 1649 2187 1714 habebatur.
2256 1650 2510 1713 uultum
2552 1671 2701 1712 uero
2735 1637 2969 1740 natura

663 1758 994 1822 horridum
1046 1779 1122 1821 ac
1168 1761 1444 1821 taetrum
1494 1758 1688 1821 etiam
1736 1779 1811 1820 ex
1870 1756 2184 1821 industria
2229 1755 2532 1821 efferabat
2579 1775 2971 1839 componens

663 1863 744 1928 ad
789 1864 1120 1946 speculum
1169 1862 1237 1926 in
1285 1885 1536 1928 omnem
1585 1868 1891 1926 terrorem
1940 1885 2014 1926 ac
2058 1861 2482 1926 formidinem.

846 1969 1155 2034 Valitudo
1212 1970 1270 2033 ei
1325 1991 1532 2051 neque
1581 1969 1867 2053 corporis
1912 1991 2121 2052 neque
2174 1969 2372 2032 animi
2421 1966 2729 2033 constitit.
2811 1991 2971 2051 puer

660 2076 975 2140 comitiali
1023 2077 1248 2140 morbo
1296 2081 1594 2158 uexatus,
1649 2075 1717 2138 in
1765 2073 2196 2141 adulescentia
2240 2076 2332 2140 ita
2375 2076 2627 2158 patiens
2672 2075 2965 2138 laborum
2998 2097 3046 2137 ιε

666 2189 818 2264 erat,
866 2188 939 2246 ut
985 2187 1198 2246 tamen
1245 2203 1731 2265 nonnumquam
1788 2182 2001 2246 subita
2047 2182 2402 2247 defectione
2449 2181 2725 2266 ingredi,
2782 2187 2970 2262 stare,

666 2291 970 2374 colligere
1019 2295 1220 2353 semet
1267 2309 1340 2352 ac
1387 2289 1651 2352 sufferre
1697 2290 1809 2352 uix
1854 2294 2091 2372 posset.
2174 2289 2407 2353 mentis
2446 2288 2867 2352 ualitudinem
2906 2294 2971 2352 et

669 2399 805 2480 ipse
854 2401 1138 2460 senserat
1193 2416 1266 2459 ac
1314 2395 1582 2458 subinde
1639 2395 1715 2458 de
1771 2415 2017 2459 secessu
2078 2397 2283 2478 deque
2327 2395 2663 2480 purgando
2712 2395 2971 2460 cerebro

667 2502 996 2587 cogitauit.
1085 2502 1364 2566 creditur
1407 2503 1783 2584 potionatus
1821 2525 1859 2565 a
1900 2499 2207 2566 Caesonia
2243 2525 2443 2567 uxore
2482 2503 2795 2566 amatorio
2834 2502 2971 2585 qui·

667 2611 810 2677 dem
868 2609 1350 2690 medicamento,
1397 2609 1507 2670 sed
1555 2609 1725 2690 quod
1775 2609 1841 2672 in
1886 2609 2169 2673 furorem
2218 2610 2499 2672 uerterit.
2582 2608 2971 2672 incitabatur
2998 2629 3053 2669 ιο

609 2773 615 2775 ,
668 2717 988 2781 insomnio
1045 2717 1347 2799 maxime3
1411 2736 1618 2796 neque
1677 2716 1847 2778 enim
1904 2714 2049 2797 plus
2106 2737 2295 2798 quam
2362 2715 2571 2779 tribus
2633 2717 2970 2780 nocturnis

667 2823 845 2888 horis
892 2821 1261 2905 quiescebat
1315 2843 1387 2884 ac
1433 2843 1513 2883 ne
1562 2822 1641 2885 iis
1689 2821 1945 2903 quidem
1993 2821 2244 2905 placida
2291 2821 2531 2905 quiete,
2578 2821 2689 2886 sed
2735 2821 2971 2905 pauida

668 2930 850 2994 miris
893 2951 1106 2993 rerum
1156 2927 1560 3014 imaginibus,
1608 2931 1681 2990 ut
1729 2929 1841 3010 qui
1888 2928 2056 2991 inter
2102 2932 2343 2993 ceteras
2387 2928 2602 3014 pelagi
2648 2929 2970 3010 quondam

669 3037 944 3121 speciem
995 3035 1486 3118 conloquentem
1527 3055 1743 3098 secum
1780 3033 1999 3098 uidere
2037 3034 2214 3098 uisus
2252 3034 2353 3098 sit.
2429 3035 2699 3117 ideoque
2736 3057 2969 3121 magna

665 3148 848 3226 parte
911 3142 1123 3205 noctis
1181 3141 1443 3226 uigiliae
1505 3139 1909 3222 cubandique
1967 3140 2178 3204 taedio
2234 3161 2406 3204 nunc
2469 3145 2612 3205 toro
2670 3141 2969 3222 residem,
2998 3162 3055 3202 25

665 3271 836 3313 nunc
891 3271 1006 3333 per
1058 3247 1468 3332 longissimas
1527 3247 1808 3331 porticus
1860 3269 2065 3332 uagus
2121 3248 2425 3312 inuocare
2478 3247 2827 3312 identidem
2875 3253 2965 3312 at-

665 3377 791 3438 que
838 3359 1176 3438 expectare
1220 3355 1428 3418 lucem
1476 3359 1831 3416 consuerat.

815 3561 846 3608 6
885 3558 953 3621 cf.
995 3558 1069 3609 ad
1113 3556 1228 3610 Tib.
1261 3560 1334 3608 68
1485 3561 1547 3608 19
1587 3557 1655 3621 ef.
1698 3557 1872 3609 Schol:
1900 3557 2027 3609 qu.
2062 3561 2113 3622 6,
2132 3561 2239 3609 615
2278 3571 2446 3623 quem
2488 3555 2631 3610 adeo
2668 3555 2969 3610 medicatis

667 3637 994 3705 potionibus
1042 3653 1178 3688 uxor
1225 3634 1498 3688 Caesonia
1545 3635 1603 3688 in
1653 3652 1897 3689 amorem
1946 3654 2107 3689 suum
2147 3637 2405 3702 deduxit,
2452 3638 2518 3689 ut
2556 3635 2626 3690 de
2663 3635 2843 3690 nimia
2882 3637 2969 3689 in—

665 3717 927 3785 potentia
963 3715 1154 3770 furens
1192 3733 1360 3784 saepe
1396 3731 1520 3769 eam
1552 3716 1761 3768 nudam
1792 3717 1989 3769 amicis
2029 3718 2351 3770 ostenderet
2389 3719 2461 3784 (u.
2478 3719 2805 3785 p.177,27).

815 3911 845 3954 5
885 3906 1146 3957 enecatos
1182 3904 1328 3957 Oros.
1476 3907 1506 3954 6
1545 3901 1761 3970 pallido
1800 3905 1979 3968 YTN,
2024 3903 2284 3971 squalido
2317 3905 2547 3973 Bentley
2696 3907 2723 3956 7
2765 3904 2973 3971 timpo-

667 3984 1080 4050 1·ibu=M²ST,
1119 3987 1304 4051 tymp-
1328 3983 1378 4036 G
1559 3989 1590 4036 8
1633 3986 1693 4035 at
1731 3983 1822 4050 (ad
1856 3985 1950 4038 Mi
1986 3985 2195 4048 MGT,
2235 3986 2291 4036 et
2320 3985 2407 4048 H,
2446 3999 2513 4036 ac
2542 3983 2767 4037 LPTN
2791 3985 2973 4052 (aeddA,

667 4067 770 4117 aut
791 4067 847 4128 S,
873 4067 973 4117 uix
990 4066 1101 4130 fuit
1131 4067 1300 4130 atque
1395 4067 1460 4114 10
1490 4063 1889 4130 qualicumque
1908 4064 1967 4116 H
2059 4070 2118 4115 11
2153 4060 2446 4115 exitiabile
2478 4062 2668 4130 (exici-
2692 4063 2761 4130 G)
2792 4063 2977 4116 HGII

671 4151 737 4198 12
779 4145 1052 4199 efferabat
1075 4145 1324 4210 1121201',
1362 4143 1631 4197 efferebat
1668 4144 1758 4196 rel.
1800 4150 1848 4196 et
1878 4144 1943 4195 N
1966 4143 2095 4210 (ΩΒ)
2247 4147 2309 4194 16
2342 4141 2563 4211 ingredi
2594 4145 2659 4208 X,
2698 4142 2859 4212 gredi
2884 4144 2971 4207 Ji,

666 4226 831 4293 gradi
867 4227 974 4278 GT
1001 4227 1087 4291 (cf.
1133 4225 1278 4291 Vesp.
1305 4229 1353 4292 7)
1549 4229 1612 4275 19
1652 4223 1882 4290 potione
1920 4223 2197 4276 inuitatus
2226 4223 2522 4288 Heinsius,
2560 4223 2792 4290 potione
2828 4225 2971 4274 tem-

669 4308 862 4374 ptatus
898 4307 1035 4359 Oud.
1066 4305 1181 4358 coll.
1213 4306 1346 4358 Ner.
1378 4309 1449 4356 25
1587 4309 1653 4356 20
1686 4305 1929 4356 uerteret
1958 4305 2007 4356 G
2137 4310 2201 4356 21
2234 4303 2509 4356 insomnio
2542 4305 2658 4370 (-no
2689 4303 2867 4363 STN)
2898 4305 2971 4366 Ω,

671 4386 948 4438 insomnia
970 4387 1086 4440 edd.
1109 4403 1225 4437 cum
1259 4386 1530 4452 Stephano
1559 4387 1788 4448 fortasse
1814 4385 2010 4436 rectius
2120 4389 2187 4434 24
2218 4382 2591 4449 colloquentis
2615 4382 2665 4436 G
2776 4387 2843 4435 25
2875 4399 2973 4434 cu-

671 4465 844 4519 bandi
883 4481 1105 4532 quoque
1137 4465 1251 4517 XN
1401 4469 1466 4516 26
1505 4463 1769 4516 inuocare
1809 4466 1866 4515 et
1903 4463 2318 4516 identidem'ex
2360 4466 2625 4530 amatque
2663 4462 2837 4516 etiam
2876 4479 2971 4515 ex·-

667 4549 925 4614 spectare
959 4546 1008 4598 G
1155 4551 1218 4597 27
1261 4547 1628 4597 consueuerat
1660 4546 1734 4597 M
1768 4547 1921 4610 (corr.
1952 4561 2019 4596 m.
2052 4545 2101 4610 1)
2141 4545 2265 4597 Τὸε
