3259 5209
700 489 832 552 242
1403 487 1458 543 C.
1501 489 1815 544 SVETONI
1851 487 2295 555 TRANQVILLI

699 653 936 716 ibidem
986 653 1238 736 saepius
1285 658 1350 717 et
1395 675 1511 736 per
1558 653 1918 736 complures
1966 654 2251 716 cantauit
2286 653 2449 734 dies3
2498 655 2761 734 sumpto
2799 651 3009 714 etiam

701 760 779 823 ad
824 759 1230 824 reficiendam
1277 780 1500 823 uocem
1547 759 1732 823 breui
1778 765 2087 843 tempore,
2133 759 2474 842 impatiens
2529 758 2757 822 secreti
2804 779 2844 820 a
2892 756 3013 820 ba-

697 865 884 930 lineis
945 866 1014 930 in
1072 865 1394 930 theatrum
1457 867 1716 930 transiit
1772 867 2108 948 mediaque
2166 867 2231 929 in
2286 867 2613 930 orchestra
2658 864 3011 946 frequente

697 973 939 1058 populo
971 972 1282 1056 epulatus,
1312 974 1374 1036 si
1403 975 1716 1056 paulum
1746 972 2250 1053 subbibisset‚
2280 971 2575 1054 aliquid
2610 993 2686 1035 se
2716 970 3009 1034 sufferi

628 1095 660 1143 3
698 1080 1160 1144 tinniturum
1191 1075 1428 1143 Graeco
1461 1102 1753 1143 sermone
1772 1081 2086 1163 promisit.
2162 1083 2385 1163 captus
2406 1083 2616 1143 autem
2646 1076 3009 1141 modulatis
3068 1103 3099 1142 ε

697 1185 1279 1250 Alexandrinorum
1335 1185 1815 1250 laudationibus
1826 1237 1843 1270 ,
1900 1188 2013 1268 qui
2068 1185 2145 1248 de
2200 1207 2371 1250 nouo
2418 1191 2781 1248 commeatu
2828 1183 3005 1246 Nea-

697 1293 898 1376 polim
965 1292 1437 1375 confluxerant,
1504 1291 1719 1377 plures
1779 1293 2166 1356 Alexandria
2229 1292 2539 1356 euocauit.
2642 1313 2851 1374 neque
2918 1312 3002 1354 eo

701 1399 960 1486 segnius
1017 1398 1529 1464 adulescentulos
1587 1400 1903 1482 equestris
1961 1400 2201 1464 ordinis
2256 1405 2319 1462 et
2374 1399 2657 1482 quinque
2712 1397 3003 1480 amplius

695 1505 874 1569 milia
920 1529 953 1568 e
1000 1505 1186 1589 plebe
1230 1505 1715 1570 robustissimae
1762 1506 2116 1570 iuuentutis
2162 1506 2445 1589 undique
2481 1506 2695 1590 elegit,
2741 1505 2853 1587 qui
2898 1503 3003 1566 di-

693 1612 818 1676 uisi
883 1613 947 1675 in
1012 1611 1328 1676 factiones
1393 1611 1737 1696 plausuum
1803 1635 2039 1698 genera
2101 1611 2537 1678 condiscerent
2580 1648 2671 1656 —
2717 1609 3003 1674 bombos
3036 1637 3095 1674 ιο

694 1722 759 1782 et
812 1719 1109 1783 imbrices
1166 1723 1230 1782 et
1285 1723 1481 1782 testas
1537 1721 1861 1784 uocabant
1906 1757 1989 1764 —
2038 1740 2424 1802 operamque
2478 1719 2789 1782 nauarent
2846 1737 3003 1780 can·

695 1824 859 1889 tanti
909 1823 1048 1908 sibi,
1096 1827 1381 1911 insignes
1428 1826 1856 1911 pinguissima
1894 1847 2077 1890 coma
2115 1830 2178 1888 et
2224 1825 2759 1890 excellentissimo
2807 1822 2999 1886 cultu

694 1931 970 2015 pu[e]ris
1015 1953 1088 1996 ac
1135 1931 1272 1996 sine
1319 1932 1512 1996 anulo
1559 1931 1781 2015 laeuis,
1828 1955 2101 2016 quorum
2150 1932 2338 1995 duces
2386 1931 2824 2016 quadringena
2870 1931 3001 1993 mi-

693 2037 781 2100 lia
827 2039 1118 2101 sestertia
1165 2038 1513 2102 merebant.

586 2140 669 2206 ⁶21
878 2143 1037 2208 Cum
1084 2145 1303 2229 magni
1351 2145 1721 2209 aestimaret
1766 2150 2020 2210 cantare
2065 2146 2259 2210 etiam
2306 2143 2567 2228 Romae,
2613 2143 2995 2208 Neroneum
3032 2168 3087 2208 a

694 2272 903 2336 agona
931 2254 1078 2314 ante
1106 2251 1554 2335 praestitutam
1581 2253 1749 2315 diem
1778 2255 2108 2316 reuocauit
2136 2251 2706 2337 flagitantibusque
2737 2250 2996 2314 cunctis

693 2356 1027 2420 caelestem
1066 2378 1292 2420 uocem
1340 2359 1673 2442 respondit
1710 2359 1968 2442 quidem
2006 2359 2083 2423 in
2118 2357 2367 2422 hortis
2406 2379 2481 2422 se
2519 2358 2813 2442 copiam
2855 2379 2995 2420 uo-

689 2461 1032 2526 lentibus
1068 2463 1476 2548 facturum,
1513 2466 1623 2529 sed
1654 2465 1996 2529 adiuuante
2027 2466 2207 2551 uulgi
2235 2486 2457 2548 preces
2483 2466 2677 2527 etiam
2707 2463 2995 2528 statione

691 2565 988 2650 militum,
1029 2590 1187 2651 quae
1221 2574 1376 2634 tunc
1414 2570 1784 2654 excubabat,
1824 2576 2577 2654 repraesentaturum
2618 2591 2695 2634 se
2732 2569 2995 2653 pollici-

688 2678 794 2738 tus
833 2680 930 2739 est
967 2674 1200 2759 libens3
1248 2697 1321 2740 ac
1359 2677 1493 2739 sine
1532 2699 1713 2740 mora
1750 2699 1982 2742 nomen
2024 2701 2207 2742 suum
2250 2679 2312 2740 in
2351 2677 2498 2742 albo
2536 2677 2989 2760 profitentium
3022 2699 3079 2738 πο

689 2781 1202 2846 citharoedorum
1262 2782 1450 2846 iussit
1504 2783 1737 2846 ascribi
1794 2785 2227 2867 sorticulaque
2282 2784 2349 2847 in
2406 2805 2627 2848 urnam
2686 2805 2831 2848 cum
2887 2805 2991 2846 c&

687 2891 840 2952 teris
898 2889 1172 2952 demissa
1240 2888 1507 2952 intrauit
1564 2889 1784 2952 ordine
1842 2911 1985 2972 suo,
2050 2890 2240 2953 simul
2304 2890 2610 2973 praefecti
2676 2892 2985 2973 praetorii

687 2995 994 3058 citharam
1045 2995 1448 3076 sustinentes,
1493 2999 1643 3078 post
1682 2995 1926 3060 tribuni
1966 2997 2245 3060 militum
2284 2998 2587 3079 iuxtaque
2626 2997 2985 3060 amicorum

614 3117 644 3164 2
684 3101 913 3166 intimi.
998 3106 1195 3184 utque
1235 3101 1544 3184 constitit,
1579 3107 1838 3184 peracto
1880 3103 2216 3190 principio,
2257 3103 2577 3167 Niobam
2617 3125 2695 3166 se
2722 3107 2983 3167 canta-

685 3205 935 3272 turum
993 3228 1103 3292 per
1157 3205 1460 3271 Cluuium
1509 3207 1751 3271 Rufum
1812 3208 2207 3272 consularem
2274 3209 2717 3292 pronuntiauit
2783 3215 2848 3272 et
2910 3209 2981 3272 in
3010 3231 3067 3270 25

683 3315 909 3378 horam
965 3315 1096 3378 fere
1161 3314 1468 3377 decimam
1538 3316 1974 3396 perseuerauit
2037 3337 2464 3400 coronamque
2520 3338 2658 3380 eam
2714 3322 2780 3380 et
2833 3317 2979 3379 reli·

685 3443 876 3503 quam
943 3419 1309 3484 certaminis
1379 3425 1623 3502 partem
1694 3422 1761 3485 in
1824 3443 2061 3486 annum
2129 3427 2501 3506 sequentem
2556 3421 2839 3506 distulit,
2902 3427 2979 3485 ut

685 3528 938 3609 saepius
995 3526 1260 3590 canendi
1317 3528 1563 3591 occasio
1631 3533 1815 3590 esset.
1890 3529 2058 3610 quod
2118 3550 2260 3592 cum
2320 3529 2569 3593 tardum
2626 3529 2977 3608 uideretur,

681 3655 812 3696 non
859 3634 1132 3696 cessauit
1180 3633 1524 3696 identidem
1574 3656 1641 3697 se
1682 3635 2025 3716 publicare.
2101 3635 2424 3699 dubitauit
2468 3635 2661 3699 etiam
2712 3658 2792 3699 an
2842 3637 2973 3719 pri-

824 3815 854 3860 2
895 3806 1208 3860 abualineis
1241 3809 1420 3872 MGo,
1459 3807 1531 3860 ab
1562 3809 1801 3861 balineis
1834 3811 1904 3874 R,
1944 3827 1977 3862 a
2016 3809 2230 3862 balneis
2276 3811 2418 3864 PST
2554 3817 2585 3861 4
2625 3809 2820 3879 epulat
2852 3813 2975 3876 Μὸ,

681 3887 914 3956 epulans
954 3889 1258 3941 Salmasius
1474 3887 1665 3942 sufferi
1698 3891 1839 3956 ΜΟ,
1879 3889 2096 3943 sufferri
2132 3893 2351 3955 TLPT,
2388 3889 2659 3944 *sufferre
2699 3891 2763 3942 S¹
2802 3889 2855 3958 (r
2892 3891 2974 3943 ef-

679 3969 821 4021 ferre
853 3967 963 4035 S2),
1013 3966 1226 4020 sufferti
1275 3969 1356 4021 ed.
1398 3969 1524 4020 Ven.
1557 3971 1613 4033 I,
1654 3968 1925 4022 suffertim
1964 3971 2247 4039 Egynatius
2294 3969 2403 4037 (31³)
2586 3976 2649 4022 11
2693 3971 2975 4024 discerent

678 4049 978 4117 (discerent
1024 4065 1162 4114 quos
1201 4048 1266 4114 S)
1301 4055 1424 4115 post
1461 4047 1720 4101 imbrices
1760 4050 1885 4109 add.
1918 4054 1975 4101 X
1996 4053 2345 4118 (expunctum
2380 4051 2444 4102 in
2482 4049 2553 4118 P>
2696 4055 2973 4104 nouarent

681 4129 892 4182 GHRS
1002 4134 1062 4180 13
1093 4128 1246 4196 puris
1268 4129 1345 4182 Ρ2
1375 4129 1666 4196 (Bentley),
1704 4129 1891 4196 pueris
1918 4131 2090 4189 MXe,
2119 4145 2319 4198 pueros
2338 4129 2421 4195 S’,
2458 4129 2616 4199 pueri
2636 4130 2742 4184 GT
2760 4131 2971 4200 (uulgo,

676 4208 970 4278 purpureis
999 4209 1140 4262 Roth
1286 4208 1373 4277 ac]
1413 4225 1514 4260 nec
1549 4210 1644 4266 Gg
1676 4211 1866 4277 (nula.)
2001 4208 2144 4280 leuis
2168 4213 2218 4262 (ι’
2248 4211 2345 4278 (sic
2370 4211 2533 4263 etiam
2562 4211 2623 4262 in
2654 4211 2708 4263 P
2730 4227 2799 4262 m.
2828 4222 2973 4278 rec),

674 4289 875 4343 laeuiis
909 4290 994 4352 M,
1034 4287 1172 4340 leuis
1211 4291 1256 4340 Τ
1281 4289 1490 4358 (παῖς),
1527 4287 1693 4340 leuiis
1728 4290 1842 4354 ST,
1882 4290 2023 4341 uelis
2054 4291 2223 4354 LPO,
2263 4289 2426 4342 sortis
2456 4292 2507 4354 δ,
2544 4287 2722 4343 laenis
2753 4291 2899 4344 Roth

675 4371 1041 4439 quadragena
1074 4371 1120 4421 Τ
1157 4371 1348 4438 (uuly.)
1477 4375 1539 4420 14
1572 4369 1889 4421 sestertium
1924 4371 2007 4422 uel
2034 4369 2139 4422 HS.
2173 4370 2340 4438 uulgy.¹
2378 4369 2554 4422 abesae
2582 4371 2797 4423 mmmlt
2828 4371 2968 4424 Oud.

679 4457 741 4502 16
774 4449 1102 4517 praestitam
1132 4451 1178 4500 Τ
1278 4455 1339 4500 17
1362 4449 1623 4516 respondi
1654 4449 1723 4500 M
1822 4454 1886 4501 18
1920 4466 2083 4516 prece
2108 4450 2157 4501 G
2259 4455 2320 4501 21
2354 4449 2488 4502 iussi
2513 4449 2607 4502 M¹
2718 4453 2784 4500 23
2814 4451 2967 4520 post]

675 4547 773 4598 pro
808 4532 880 4582 ss!
999 4534 1064 4580 24
1105 4527 1274 4581 nioba
1299 4527 1366 4592 G,
1404 4527 1540 4580 -ban
1565 4531 1699 4592 ΜΤ,
1739 4527 1889 4580 -bem
1921 4533 1985 4594 X,
2016 4530 2145 4581 -ben
2180 4529 2323 4596 nuly.
2434 4532 2501 4579 29
2540 4543 2652 4580 non
2682 4529 2970 4584 dubitauit

677 4611 847 4674 STNQ
891 4609 1058 4676 uulq.)
1204 4625 1275 4660 an
1315 4628 1381 4672 ρς
1419 4611 1486 4674 (I.
1503 4609 1866 4667 F.Gr0noz·.*1‚
1903 4609 1962 4660 in
1994 4610 2188 4667 amr,
2226 4625 2325 4662 om.
2356 4608 2475 4660 XN
