<?xml version="1.0" encoding="UTF-8"?>
<!DOCTYPE html PUBLIC "-//W3C//DTD XHTML 1.0 Transitional//EN"
    "http://www.w3.org/TR/xhtml1/DTD/xhtml1-transitional.dtd">
<html xmlns="http://www.w3.org/1999/xhtml" xml:lang="en" lang="en">
 <head>
  <title>
</title>
<meta http-equiv="Content-Type" content="text/html;charset=utf-8" />
  <meta name='ocr-system' content='tesseract 3.04.00' />
  <meta name='ocr-capabilities' content='ocr_page ocr_carea ocr_par ocr_line ocrx_word'/>
</head>
<body>
  <div class='ocr_page' id='page_1' title='image "./csuetoniitranqu00ihmgoog_0115.png"; bbox 0 0 3259 5209; ppageno 0'>
   <div class='ocr_carea' id='block_1_1' title="bbox 1059 394 2652 458">
    <p class='ocr_par' dir='ltr' id='par_1_1' title="bbox 1059 394 2652 458">
     <span class='ocr_line' id='line_1_1' title="bbox 1059 394 2652 458; baseline 0.006 -9"><span class='ocrx_word' id='word_1_1' title='bbox 1059 394 1278 449; x_wconf 85' lang='lat' dir='ltr'>DIVVS</span> <span class='ocrx_word' id='word_1_2' title='bbox 1314 394 1552 449; x_wconf 86' lang='lat' dir='ltr'>IVLIVS</span> <span class='ocrx_word' id='word_1_3' title='bbox 1592 403 1723 455; x_wconf 60' lang='lat' dir='ltr'><strong>[oar.</strong></span> <span class='ocrx_word' id='word_1_4' title='bbox 1755 408 1930 456; x_wconf 77' lang='lat'><strong>80—82]</strong></span> <span class='ocrx_word' id='word_1_5' title='bbox 2565 394 2652 458; x_wconf 83' lang='lat'><strong>43</strong></span> 
     </span>
    </p>
   </div>
   <div class='ocr_carea' id='block_1_2' title="bbox 266 556 2754 3737">
    <p class='ocr_par' dir='ltr' id='par_1_2' title="bbox 266 556 2754 3737">
     <span class='ocr_line' id='line_1_2' title="bbox 350 556 2722 643; baseline 0 -21"><span class='ocrx_word' id='word_1_6' title='bbox 350 560 555 642; x_wconf 90' lang='lat' dir='ltr'><strong>quod</strong></span> <span class='ocrx_word' id='word_1_7' title='bbox 598 580 749 623; x_wconf 90' lang='lat' dir='ltr'><strong>non</strong></span> <span class='ocrx_word' id='word_1_8' title='bbox 792 559 1001 623; x_wconf 86' lang='lat' dir='ltr'><strong>ultra</strong></span> <span class='ocrx_word' id='word_1_9' title='bbox 1037 558 1355 623; x_wconf 87' lang='lat' dir='ltr'><strong>Martias</strong></span> <span class='ocrx_word' id='word_1_10' title='bbox 1399 557 1577 623; x_wconf 89' lang='lat' dir='ltr'><strong>Idus</strong></span> <span class='ocrx_word' id='word_1_11' title='bbox 1621 556 2121 643; x_wconf 86' lang='lat' dir='ltr'><strong>proferretur.</strong></span> <span class='ocrx_word' id='word_1_12' title='bbox 2194 558 2400 643; x_wconf 80' lang='lat' dir='ltr'>pridie</span> <span class='ocrx_word' id='word_1_13' title='bbox 2439 562 2650 623; x_wconf 90' lang='lat' dir='ltr'><strong>autem</strong></span> <span class='ocrx_word' id='word_1_14' title='bbox 2691 576 2722 623; x_wconf 83' lang='grc'><strong>3</strong></span> 
     </span>
     <span class='ocr_line' id='line_1_3' title="bbox 348 663 2653 751; baseline 0.001 -23"><span class='ocrx_word' id='word_1_15' title='bbox 348 664 604 729; x_wconf 79' lang='lat' dir='ltr'><strong>easdem</strong></span> <span class='ocrx_word' id='word_1_16' title='bbox 651 663 803 729; x_wconf 89' lang='lat' dir='ltr'><strong>Idus</strong></span> <span class='ocrx_word' id='word_1_17' title='bbox 848 686 1032 729; x_wconf 85' lang='lat' dir='ltr'><strong>auem</strong></span> <span class='ocrx_word' id='word_1_18' title='bbox 1079 664 1461 751; x_wconf 81' lang='lat' dir='ltr'><strong>regaliolum</strong></span> <span class='ocrx_word' id='word_1_19' title='bbox 1500 686 1646 729; x_wconf 91' lang='lat' dir='ltr'><strong>cum</strong></span> <span class='ocrx_word' id='word_1_20' title='bbox 1683 667 1902 731; x_wconf 90' lang='lat' dir='ltr'><strong>laureo</strong></span> <span class='ocrx_word' id='word_1_21' title='bbox 1939 664 2189 730; x_wconf 86' lang='lat' dir='ltr'><strong>ramulo</strong></span> <span class='ocrx_word' id='word_1_22' title='bbox 2223 665 2653 749; x_wconf 83' lang='lat' dir='ltr'><strong>Pompeianae</strong></span> 
     </span>
     <span class='ocr_line' id='line_1_4' title="bbox 348 770 2652 859; baseline 0 -24"><span class='ocrx_word' id='word_1_23' title='bbox 348 773 567 835; x_wconf 83' lang='lat' dir='ltr'><strong>curiae</strong></span> <span class='ocrx_word' id='word_1_24' title='bbox 622 792 691 835; x_wconf 90' lang='lat' dir='ltr'><strong>se</strong></span> <span class='ocrx_word' id='word_1_25' title='bbox 743 770 1121 836; x_wconf 87' lang='lat' dir='ltr'><strong>inferentem</strong></span> <span class='ocrx_word' id='word_1_26' title='bbox 1179 773 1475 837; x_wconf 88' lang='lat' dir='ltr'><strong>uolucres</strong></span> <span class='ocrx_word' id='word_1_27' title='bbox 1528 773 1697 836; x_wconf 88' lang='lat' dir='ltr'><strong>uarii</strong></span> <span class='ocrx_word' id='word_1_28' title='bbox 1751 773 2006 859; x_wconf 88' lang='lat' dir='ltr'><strong>generis</strong></span> <span class='ocrx_word' id='word_1_29' title='bbox 2063 792 2140 836; x_wconf 90' lang='lat' dir='ltr'><strong>ex</strong></span> <span class='ocrx_word' id='word_1_30' title='bbox 2196 772 2490 857; x_wconf 86' lang='lat' dir='ltr'><strong>proximo</strong></span> <span class='ocrx_word' id='word_1_31' title='bbox 2545 794 2652 836; x_wconf 85' lang='lat' dir='ltr'><strong>ne-</strong></span> 
     </span>
     <span class='ocr_line' id='line_1_5' title="bbox 350 874 2652 964; baseline 0.001 -23"><span class='ocrx_word' id='word_1_32' title='bbox 350 900 532 943; x_wconf 89' lang='lat' dir='ltr'><strong>more</strong></span> <span class='ocrx_word' id='word_1_33' title='bbox 576 882 949 962; x_wconf 74' lang='lat' dir='ltr'><strong>persecutae</strong></span> <span class='ocrx_word' id='word_1_34' title='bbox 994 878 1233 943; x_wconf 84' lang='lat' dir='ltr'><strong>ibidem</strong></span> <span class='ocrx_word' id='word_1_35' title='bbox 1282 874 1774 964; x_wconf 63' lang='lat' dir='ltr'><strong>discerpserunt.</strong></span> <span class='ocrx_word' id='word_1_36' title='bbox 1855 900 1929 943; x_wconf 88' lang='lat' dir='ltr'><strong>ea</strong></span> <span class='ocrx_word' id='word_1_37' title='bbox 1973 901 2127 944; x_wconf 88' lang='lat' dir='ltr'><strong>uero</strong></span> <span class='ocrx_word' id='word_1_38' title='bbox 2173 884 2380 961; x_wconf 89' lang='lat' dir='ltr'><strong>nocte,</strong></span> <span class='ocrx_word' id='word_1_39' title='bbox 2419 878 2523 943; x_wconf 90' lang='lat' dir='ltr'><strong>cui</strong></span> <span class='ocrx_word' id='word_1_40' title='bbox 2559 880 2652 943; x_wconf 90' lang='lat' dir='ltr'><strong>in·-</strong></span> 
     </span>
     <span class='ocr_line' id='line_1_6' title="bbox 290 984 2650 1071; baseline 0.001 -24"><span class='ocrx_word' id='word_1_41' title='bbox 290 1009 319 1047; x_wconf 72' lang='lat' dir='ltr'><strong>s</strong></span> <span class='ocrx_word' id='word_1_42' title='bbox 348 986 523 1049; x_wconf 80' lang='lat' dir='ltr'><strong>luxit</strong></span> <span class='ocrx_word' id='word_1_43' title='bbox 568 984 703 1049; x_wconf 87' lang='lat' dir='ltr'><strong>dies</strong></span> <span class='ocrx_word' id='word_1_44' title='bbox 750 986 975 1069; x_wconf 74' lang='lat' dir='ltr'><strong>caedis,</strong></span> <span class='ocrx_word' id='word_1_45' title='bbox 1024 989 1087 1049; x_wconf 90' lang='lat' dir='ltr'><strong>et</strong></span> <span class='ocrx_word' id='word_1_46' title='bbox 1133 986 1269 1068; x_wconf 89' lang='lat' dir='ltr'><strong>ipse</strong></span> <span class='ocrx_word' id='word_1_47' title='bbox 1314 986 1442 1049; x_wconf 88' lang='lat' dir='ltr'><strong>sibi</strong></span> <span class='ocrx_word' id='word_1_48' title='bbox 1488 987 1672 1049; x_wconf 89' lang='lat' dir='ltr'><strong>uisus</strong></span> <span class='ocrx_word' id='word_1_49' title='bbox 1718 988 1816 1049; x_wconf 82' lang='lat' dir='ltr'><strong>est</strong></span> <span class='ocrx_word' id='word_1_50' title='bbox 1855 1008 1970 1071; x_wconf 90' lang='lat' dir='ltr'><strong>per</strong></span> <span class='ocrx_word' id='word_1_51' title='bbox 2007 987 2288 1069; x_wconf 89' lang='lat' dir='ltr'><strong>quietem</strong></span> <span class='ocrx_word' id='word_1_52' title='bbox 2327 984 2650 1050; x_wconf 88' lang='lat' dir='ltr'><strong>interdum</strong></span> 
     </span>
     <span class='ocr_line' id='line_1_7' title="bbox 350 1090 2652 1179; baseline 0 -24"><span class='ocrx_word' id='word_1_53' title='bbox 350 1112 549 1175; x_wconf 85' lang='lat' dir='ltr'><strong>supra</strong></span> <span class='ocrx_word' id='word_1_54' title='bbox 604 1090 811 1156; x_wconf 88' lang='lat' dir='ltr'><strong>nubes</strong></span> <span class='ocrx_word' id='word_1_55' title='bbox 868 1093 1169 1175; x_wconf 86' lang='lat' dir='ltr'><strong>uolitare,</strong></span> <span class='ocrx_word' id='word_1_56' title='bbox 1236 1092 1392 1158; x_wconf 85' lang='lat' dir='ltr'><strong>alias</strong></span> <span class='ocrx_word' id='word_1_57' title='bbox 1455 1114 1599 1156; x_wconf 88' lang='lat' dir='ltr'><strong>cum</strong></span> <span class='ocrx_word' id='word_1_58' title='bbox 1661 1090 1816 1157; x_wconf 89' lang='lat' dir='ltr'><strong>Ioue</strong></span> <span class='ocrx_word' id='word_1_59' title='bbox 1877 1092 2166 1157; x_wconf 79' lang='lat' dir='ltr'><strong>dextram</strong></span> <span class='ocrx_word' id='word_1_60' title='bbox 2227 1092 2517 1179; x_wconf 79' lang='lat' dir='ltr'><strong>iunger03</strong></span> <span class='ocrx_word' id='word_1_61' title='bbox 2586 1096 2652 1156; x_wconf 89' lang='lat' dir='ltr'><strong>et</strong></span> 
     </span>
     <span class='ocr_line' id='line_1_8' title="bbox 348 1197 2650 1285; baseline 0 -23"><span class='ocrx_word' id='word_1_62' title='bbox 348 1197 703 1282; x_wconf 86' lang='lat' dir='ltr'><strong>Calpurnia</strong></span> <span class='ocrx_word' id='word_1_63' title='bbox 747 1219 911 1263; x_wconf 81' lang='lat' dir='ltr'><strong>uxor</strong></span> <span class='ocrx_word' id='word_1_64' title='bbox 956 1200 1309 1285; x_wconf 83' lang='lat' dir='ltr'><strong>imaginata</strong></span> <span class='ocrx_word' id='word_1_65' title='bbox 1354 1204 1454 1263; x_wconf 86' lang='lat' dir='ltr'><strong>est</strong></span> <span class='ocrx_word' id='word_1_66' title='bbox 1500 1198 1756 1264; x_wconf 83' lang='lat' dir='ltr'><strong>conlabi</strong></span> <span class='ocrx_word' id='word_1_67' title='bbox 1801 1198 2130 1285; x_wconf 81' lang='lat' dir='ltr'><strong>fastigium</strong></span> <span class='ocrx_word' id='word_1_68' title='bbox 2189 1200 2416 1263; x_wconf 88' lang='lat' dir='ltr'><strong>domus</strong></span> <span class='ocrx_word' id='word_1_69' title='bbox 2463 1200 2650 1263; x_wconf 84' lang='lat' dir='ltr'><strong>mari-</strong></span> 
     </span>
     <span class='ocr_line' id='line_1_9' title="bbox 346 1305 2650 1391; baseline 0 -23"><span class='ocrx_word' id='word_1_70' title='bbox 346 1309 621 1389; x_wconf 86' lang='lat' dir='ltr'><strong>tumque</strong></span> <span class='ocrx_word' id='word_1_71' title='bbox 658 1306 726 1368; x_wconf 92' lang='lat' dir='ltr'><strong>in</strong></span> <span class='ocrx_word' id='word_1_72' title='bbox 762 1306 1009 1390; x_wconf 90' lang='lat' dir='ltr'><strong>gremio</strong></span> <span class='ocrx_word' id='word_1_73' title='bbox 1050 1328 1167 1370; x_wconf 90' lang='lat' dir='ltr'><strong>suo</strong></span> <span class='ocrx_word' id='word_1_74' title='bbox 1206 1306 1489 1391; x_wconf 83' lang='lat' dir='ltr'><strong>confodi3</strong></span> <span class='ocrx_word' id='word_1_75' title='bbox 1527 1327 1601 1369; x_wconf 90' lang='lat' dir='ltr'><strong>ac</strong></span> <span class='ocrx_word' id='word_1_76' title='bbox 1640 1305 1856 1370; x_wconf 88' lang='lat' dir='ltr'><strong>subito</strong></span> <span class='ocrx_word' id='word_1_77' title='bbox 1895 1306 2176 1371; x_wconf 89' lang='lat' dir='ltr'><strong>cubiculi</strong></span> <span class='ocrx_word' id='word_1_78' title='bbox 2212 1305 2384 1369; x_wconf 86' lang='lat' dir='ltr'><strong>fores</strong></span> <span class='ocrx_word' id='word_1_79' title='bbox 2420 1310 2650 1389; x_wconf 87' lang='lat' dir='ltr'><strong>sponte</strong></span> 
     </span>
     <span class='ocr_line' id='line_1_10' title="bbox 348 1415 717 1495; baseline 0.005 -22"><span class='ocrx_word' id='word_1_80' title='bbox 348 1415 717 1495; x_wconf 86' lang='lat' dir='ltr'><strong>patuerunt.</strong></span> 
     </span>
     <span class='ocr_line' id='line_1_11' title="bbox 266 1514 2720 1584; baseline 0.001 -4"><span class='ocrx_word' id='word_1_81' title='bbox 266 1542 323 1581; x_wconf 80' lang='grc' dir='ltr'><strong>ιο</strong></span> <span class='ocrx_word' id='word_1_82' title='bbox 532 1514 633 1583; x_wconf 92' lang='lat' dir='ltr'><strong>Ob</strong></span> <span class='ocrx_word' id='word_1_83' title='bbox 677 1515 835 1583; x_wconf 86' lang='lat' dir='ltr'><strong>haec</strong></span> <span class='ocrx_word' id='word_1_84' title='bbox 883 1519 1077 1583; x_wconf 76' lang='lat' dir='ltr'><strong>simul</strong></span> <span class='ocrx_word' id='word_1_85' title='bbox 1115 1523 1181 1583; x_wconf 88' lang='lat' dir='ltr'><strong>et</strong></span> <span class='ocrx_word' id='word_1_86' title='bbox 1218 1518 1301 1583; x_wconf 94' lang='lat' dir='ltr'><strong>ob</strong></span> <span class='ocrx_word' id='word_1_87' title='bbox 1340 1516 1660 1584; x_wconf 88' lang='lat' dir='ltr'><strong>infirmam</strong></span> <span class='ocrx_word' id='word_1_88' title='bbox 1702 1519 2126 1584; x_wconf 82' lang='lat' dir='ltr'><strong>ualitudinem</strong></span> <span class='ocrx_word' id='word_1_89' title='bbox 2163 1518 2273 1583; x_wconf 88' lang='lat' dir='ltr'><strong>diu</strong></span> <span class='ocrx_word' id='word_1_90' title='bbox 2311 1522 2650 1583; x_wconf 85' lang='lat' dir='ltr'><strong>cunctatus</strong></span> <span class='ocrx_word' id='word_1_91' title='bbox 2688 1536 2720 1582; x_wconf 82' lang='lat'>4</span> 
     </span>
     <span class='ocr_line' id='line_1_12' title="bbox 350 1624 2650 1711; baseline 0 -24"><span class='ocrx_word' id='word_1_92' title='bbox 350 1646 435 1688; x_wconf 88' lang='lat' dir='ltr'><strong>an</strong></span> <span class='ocrx_word' id='word_1_93' title='bbox 494 1645 563 1689; x_wconf 89' lang='lat' dir='ltr'><strong>se</strong></span> <span class='ocrx_word' id='word_1_94' title='bbox 622 1626 981 1690; x_wconf 86' lang='lat' dir='ltr'><strong>contineret</strong></span> <span class='ocrx_word' id='word_1_95' title='bbox 1040 1630 1105 1689; x_wconf 90' lang='lat' dir='ltr'><strong>et</strong></span> <span class='ocrx_word' id='word_1_96' title='bbox 1165 1646 1329 1709; x_wconf 87' lang='lat' dir='ltr'><strong>quae</strong></span> <span class='ocrx_word' id='word_1_97' title='bbox 1388 1624 1559 1711; x_wconf 88' lang='lat' dir='ltr'><strong>apud</strong></span> <span class='ocrx_word' id='word_1_98' title='bbox 1618 1630 1914 1691; x_wconf 89' lang='lat' dir='ltr'><strong>senatum</strong></span> <span class='ocrx_word' id='word_1_99' title='bbox 1974 1630 2402 1711; x_wconf 82' lang='lat' dir='ltr'><strong>proposuerat</strong></span> <span class='ocrx_word' id='word_1_100' title='bbox 2461 1646 2650 1710; x_wconf 87' lang='lat' dir='ltr'><strong>agere</strong></span> 
     </span>
     <span class='ocr_line' id='line_1_13' title="bbox 350 1731 2652 1816; baseline 0 -22"><span class='ocrx_word' id='word_1_101' title='bbox 350 1731 661 1815; x_wconf 86' lang='lat' dir='ltr'><strong>differret,</strong></span> <span class='ocrx_word' id='word_1_102' title='bbox 708 1733 967 1797; x_wconf 85' lang='lat' dir='ltr'><strong>tandem</strong></span> <span class='ocrx_word' id='word_1_103' title='bbox 1013 1732 1281 1798; x_wconf 90' lang='lat' dir='ltr'><strong>Decimo</strong></span> <span class='ocrx_word' id='word_1_104' title='bbox 1328 1732 1535 1797; x_wconf 89' lang='lat' dir='ltr'><strong>Bruto</strong></span> <span class='ocrx_word' id='word_1_105' title='bbox 1582 1732 1991 1816; x_wconf 84' lang='lat' dir='ltr'><strong>adhortante,</strong></span> <span class='ocrx_word' id='word_1_106' title='bbox 2045 1754 2130 1797; x_wconf 91' lang='lat' dir='ltr'><strong>ne</strong></span> <span class='ocrx_word' id='word_1_107' title='bbox 2173 1732 2528 1816; x_wconf 86' lang='lat' dir='ltr'><strong>frequentis</strong></span> <span class='ocrx_word' id='word_1_108' title='bbox 2575 1754 2652 1795; x_wconf 88' lang='lat' dir='ltr'><strong>ac</strong></span> 
     </span>
     <span class='ocr_line' id='line_1_14' title="bbox 351 1838 2650 1924; baseline 0 -23"><span class='ocrx_word' id='word_1_109' title='bbox 351 1839 479 1902; x_wconf 86' lang='lat' dir='ltr'><strong>iam</strong></span> <span class='ocrx_word' id='word_1_110' title='bbox 544 1838 787 1903; x_wconf 87' lang='lat' dir='ltr'><strong>dudum</strong></span> <span class='ocrx_word' id='word_1_111' title='bbox 852 1840 1248 1924; x_wconf 89' lang='lat' dir='ltr'><strong>opperientis</strong></span> <span class='ocrx_word' id='word_1_112' title='bbox 1314 1840 1720 1923; x_wconf 89' lang='lat' dir='ltr'><strong>destitueret,</strong></span> <span class='ocrx_word' id='word_1_113' title='bbox 1795 1840 2020 1924; x_wconf 88' lang='lat' dir='ltr'><strong>quinta</strong></span> <span class='ocrx_word' id='word_1_114' title='bbox 2084 1840 2218 1903; x_wconf 86' lang='lat' dir='ltr'><strong>fere</strong></span> <span class='ocrx_word' id='word_1_115' title='bbox 2281 1838 2442 1903; x_wconf 89' lang='lat' dir='ltr'><strong>hora</strong></span> <span class='ocrx_word' id='word_1_116' title='bbox 2505 1859 2650 1923; x_wconf 88' lang='lat' dir='ltr'><strong>pro-</strong></span> 
     </span>
     <span class='ocr_line' id='line_1_15' title="bbox 352 1946 2648 2030; baseline 0 -21"><span class='ocrx_word' id='word_1_117' title='bbox 352 1964 607 2029; x_wconf 81' lang='lat' dir='ltr'><strong>gressus</strong></span> <span class='ocrx_word' id='word_1_118' title='bbox 672 1949 772 2009; x_wconf 88' lang='lat' dir='ltr'><strong>est</strong></span> <span class='ocrx_word' id='word_1_119' title='bbox 833 1946 1257 2030; x_wconf 87' lang='lat' dir='ltr'><strong>libellumque</strong></span> <span class='ocrx_word' id='word_1_120' title='bbox 1322 1946 1698 2012; x_wconf 84' lang='lat' dir='ltr'><strong>insidiarum</strong></span> <span class='ocrx_word' id='word_1_121' title='bbox 1764 1946 2037 2011; x_wconf 86' lang='lat' dir='ltr'><strong>indicem</strong></span> <span class='ocrx_word' id='word_1_122' title='bbox 2099 1946 2181 2010; x_wconf 84' lang='lat' dir='ltr'><strong>ab</strong></span> <span class='ocrx_word' id='word_1_123' title='bbox 2238 1946 2436 2011; x_wconf 92' lang='lat' dir='ltr'><strong>obuio</strong></span> <span class='ocrx_word' id='word_1_124' title='bbox 2493 1966 2648 2029; x_wconf 91' lang='lat' dir='ltr'><strong>quo-</strong></span> 
     </span>
     <span class='ocr_line' id='line_1_16' title="bbox 269 2051 2648 2137; baseline 0.002 -24"><span class='ocrx_word' id='word_1_125' title='bbox 269 2072 321 2113; x_wconf 70' lang='lat'><strong>15</strong></span> <span class='ocrx_word' id='word_1_126' title='bbox 352 2051 495 2115; x_wconf 81' lang='lat' dir='ltr'><strong>dam</strong></span> <span class='ocrx_word' id='word_1_127' title='bbox 553 2057 919 2136; x_wconf 89' lang='lat' dir='ltr'><strong>porrectum</strong></span> <span class='ocrx_word' id='word_1_128' title='bbox 973 2053 1211 2117; x_wconf 88' lang='lat' dir='ltr'><strong>libellis</strong></span> <span class='ocrx_word' id='word_1_129' title='bbox 1268 2054 1521 2137; x_wconf 86' lang='lat' dir='ltr'><strong>ceteris,</strong></span> <span class='ocrx_word' id='word_1_130' title='bbox 1591 2074 1756 2137; x_wconf 91' lang='lat' dir='ltr'><strong>quos</strong></span> <span class='ocrx_word' id='word_1_131' title='bbox 1812 2054 2074 2118; x_wconf 81' lang='lat' dir='ltr'><strong>sinistra</strong></span> <span class='ocrx_word' id='word_1_132' title='bbox 2119 2073 2312 2118; x_wconf 86' lang='lat' dir='ltr'><strong>manu</strong></span> <span class='ocrx_word' id='word_1_133' title='bbox 2371 2052 2648 2133; x_wconf 88' lang='lat' dir='ltr'><strong>tenebat,</strong></span> 
     </span>
     <span class='ocr_line' id='line_1_17' title="bbox 352 2158 2648 2244; baseline 0 -23"><span class='ocrx_word' id='word_1_134' title='bbox 352 2159 535 2242; x_wconf 82' lang='lat' dir='ltr'><strong>quasi</strong></span> <span class='ocrx_word' id='word_1_135' title='bbox 590 2180 742 2222; x_wconf 89' lang='lat' dir='ltr'><strong>mox</strong></span> <span class='ocrx_word' id='word_1_136' title='bbox 801 2158 1084 2223; x_wconf 87' lang='lat' dir='ltr'><strong>lecturus</strong></span> <span class='ocrx_word' id='word_1_137' title='bbox 1150 2160 1573 2225; x_wconf 80' lang='lat' dir='ltr'><strong>commiscuit.</strong></span> <span class='ocrx_word' id='word_1_138' title='bbox 1667 2160 1816 2225; x_wconf 87' lang='lat' dir='ltr'><strong>dein</strong></span> <span class='ocrx_word' id='word_1_139' title='bbox 1877 2159 2174 2244; x_wconf 86' lang='lat' dir='ltr'><strong>pluribus</strong></span> <span class='ocrx_word' id='word_1_140' title='bbox 2228 2158 2459 2224; x_wconf 88' lang='lat' dir='ltr'><strong>hostiis</strong></span> <span class='ocrx_word' id='word_1_141' title='bbox 2515 2180 2648 2223; x_wconf 87' lang='lat' dir='ltr'><strong>cae-</strong></span> 
     </span>
     <span class='ocr_line' id='line_1_18' title="bbox 348 2264 2650 2351; baseline 0.001 -24"><span class='ocrx_word' id='word_1_142' title='bbox 348 2264 469 2347; x_wconf 81' lang='lat' dir='ltr'><strong>sis,</strong></span> <span class='ocrx_word' id='word_1_143' title='bbox 524 2284 669 2328; x_wconf 90' lang='lat' dir='ltr'><strong>cum</strong></span> <span class='ocrx_word' id='word_1_144' title='bbox 725 2264 914 2329; x_wconf 87' lang='lat' dir='ltr'><strong>litare</strong></span> <span class='ocrx_word' id='word_1_145' title='bbox 966 2286 1098 2329; x_wconf 87' lang='lat' dir='ltr'><strong>non</strong></span> <span class='ocrx_word' id='word_1_146' title='bbox 1154 2272 1400 2350; x_wconf 87' lang='lat' dir='ltr'><strong>posset,</strong></span> <span class='ocrx_word' id='word_1_147' title='bbox 1458 2268 1712 2331; x_wconf 87' lang='lat' dir='ltr'><strong>introiit</strong></span> <span class='ocrx_word' id='word_1_148' title='bbox 1767 2268 2006 2331; x_wconf 84' lang='lat' dir='ltr'><strong>curiam</strong></span> <span class='ocrx_word' id='word_1_149' title='bbox 2065 2270 2280 2350; x_wconf 85' lang='lat' dir='ltr'><strong>spreta</strong></span> <span class='ocrx_word' id='word_1_150' title='bbox 2339 2265 2650 2351; x_wconf 82' lang='lat' dir='ltr'><strong>religione</strong></span> 
     </span>
     <span class='ocr_line' id='line_1_19' title="bbox 350 2368 2650 2459; baseline 0 -24"><span class='ocrx_word' id='word_1_151' title='bbox 350 2368 869 2456; x_wconf 86' lang='lat' dir='ltr'><strong>Spurinnamque</strong></span> <span class='ocrx_word' id='word_1_152' title='bbox 925 2373 1193 2436; x_wconf 86' lang='lat' dir='ltr'><strong>irridens</strong></span> <span class='ocrx_word' id='word_1_153' title='bbox 1240 2378 1307 2437; x_wconf 88' lang='lat' dir='ltr'><strong>et</strong></span> <span class='ocrx_word' id='word_1_154' title='bbox 1352 2378 1427 2437; x_wconf 88' lang='lat' dir='ltr'><strong>ut</strong></span> <span class='ocrx_word' id='word_1_155' title='bbox 1468 2372 1704 2437; x_wconf 84' lang='lat' dir='ltr'><strong>falsum</strong></span> <span class='ocrx_word' id='word_1_156' title='bbox 1753 2392 2056 2459; x_wconf 86' lang='lat' dir='ltr'><strong>arguens,</strong></span> <span class='ocrx_word' id='word_1_157' title='bbox 2113 2372 2286 2456; x_wconf 86' lang='lat' dir='ltr'><strong>quod</strong></span> <span class='ocrx_word' id='word_1_158' title='bbox 2333 2374 2471 2436; x_wconf 88' lang='lat' dir='ltr'><strong>sine</strong></span> <span class='ocrx_word' id='word_1_159' title='bbox 2515 2371 2650 2436; x_wconf 85' lang='lat' dir='ltr'><strong>ulla</strong></span> 
     </span>
     <span class='ocr_line' id='line_1_20' title="bbox 351 2476 2648 2563; baseline 0.001 -22"><span class='ocrx_word' id='word_1_160' title='bbox 351 2498 467 2541; x_wconf 87' lang='lat' dir='ltr'><strong>sua</strong></span> <span class='ocrx_word' id='word_1_161' title='bbox 518 2500 689 2541; x_wconf 86' lang='lat' dir='ltr'><strong>noxa</strong></span> <span class='ocrx_word' id='word_1_162' title='bbox 741 2476 893 2543; x_wconf 89' lang='lat' dir='ltr'><strong>Idus</strong></span> <span class='ocrx_word' id='word_1_163' title='bbox 953 2478 1225 2543; x_wconf 79' lang='lat' dir='ltr'><strong>Martiae</strong></span> <span class='ocrx_word' id='word_1_164' title='bbox 1284 2480 1602 2543; x_wconf 87' lang='lat' dir='ltr'><strong>adessent:</strong></span> <span class='ocrx_word' id='word_1_165' title='bbox 1666 2500 2032 2563; x_wconf 83' lang='lat' dir='ltr'><strong>quanquam</strong></span> <span class='ocrx_word' id='word_1_166' title='bbox 2095 2481 2150 2543; x_wconf 89' lang='lat' dir='ltr'><strong>is</strong></span> <span class='ocrx_word' id='word_1_167' title='bbox 2203 2481 2458 2543; x_wconf 88' lang='lat' dir='ltr'><strong>uenisse</strong></span> <span class='ocrx_word' id='word_1_168' title='bbox 2512 2480 2648 2563; x_wconf 91' lang='lat' dir='ltr'><strong>qui-</strong></span> 
     </span>
     <span class='ocr_line' id='line_1_21' title="bbox 268 2580 2754 2671; baseline 0 -25"><span class='ocrx_word' id='word_1_169' title='bbox 268 2603 323 2645; x_wconf 70' lang='lat' dir='ltr'><strong>se</strong></span> <span class='ocrx_word' id='word_1_170' title='bbox 350 2582 493 2647; x_wconf 88' lang='lat' dir='ltr'><strong>dem</strong></span> <span class='ocrx_word' id='word_1_171' title='bbox 543 2604 649 2649; x_wconf 85' lang='lat' dir='ltr'><strong>eas</strong></span> <span class='ocrx_word' id='word_1_172' title='bbox 696 2584 959 2667; x_wconf 85' lang='lat' dir='ltr'><strong>diceret,</strong></span> <span class='ocrx_word' id='word_1_173' title='bbox 1016 2586 1129 2650; x_wconf 87' lang='lat' dir='ltr'><strong>sed</strong></span> <span class='ocrx_word' id='word_1_174' title='bbox 1180 2606 1313 2650; x_wconf 89' lang='lat' dir='ltr'><strong>non</strong></span> <span class='ocrx_word' id='word_1_175' title='bbox 1366 2587 1766 2671; x_wconf 85' lang='lat' dir='ltr'><strong>praeterisse.</strong></span> <span class='ocrx_word' id='word_1_176' title='bbox 1857 2584 2243 2650; x_wconf 77' lang='lat' dir='ltr'><strong>assidentem</strong></span> <span class='ocrx_word' id='word_1_177' title='bbox 2295 2584 2644 2669; x_wconf 84' lang='lat' dir='ltr'><strong>conspirati</strong></span> <span class='ocrx_word' id='word_1_178' title='bbox 2665 2580 2754 2645; x_wconf 66' lang='lat'><strong>82³.</strong></span> 
     </span>
     <span class='ocr_line' id='line_1_22' title="bbox 348 2691 2647 2777; baseline 0.001 -24"><span class='ocrx_word' id='word_1_179' title='bbox 348 2691 559 2774; x_wconf 86' lang='lat' dir='ltr'><strong>specie</strong></span> <span class='ocrx_word' id='word_1_180' title='bbox 628 2692 828 2756; x_wconf 84' lang='lat' dir='ltr'><strong>officii</strong></span> <span class='ocrx_word' id='word_1_181' title='bbox 890 2696 1477 2774; x_wconf 87' lang='lat' dir='ltr'><strong>circumsteterunt,</strong></span> <span class='ocrx_word' id='word_1_182' title='bbox 1542 2694 1818 2777; x_wconf 87' lang='lat' dir='ltr'><strong>ilicoque</strong></span> <span class='ocrx_word' id='word_1_183' title='bbox 1885 2692 2146 2757; x_wconf 89' lang='lat' dir='ltr'><strong>Cimber</strong></span> <span class='ocrx_word' id='word_1_184' title='bbox 2208 2692 2469 2771; x_wconf 85' lang='lat' dir='ltr'><strong>Tillius,</strong></span> <span class='ocrx_word' id='word_1_185' title='bbox 2535 2694 2647 2776; x_wconf 92' lang='lat' dir='ltr'><strong>qui</strong></span> 
     </span>
     <span class='ocr_line' id='line_1_23' title="bbox 349 2798 2648 2885; baseline 0.001 -24"><span class='ocrx_word' id='word_1_186' title='bbox 349 2798 591 2880; x_wconf 87' lang='lat' dir='ltr'><strong>primas</strong></span> <span class='ocrx_word' id='word_1_187' title='bbox 638 2802 855 2882; x_wconf 85' lang='lat' dir='ltr'><strong>partes</strong></span> <span class='ocrx_word' id='word_1_188' title='bbox 902 2805 1288 2884; x_wconf 84' lang='lat' dir='ltr'><strong>susceperat,</strong></span> <span class='ocrx_word' id='word_1_189' title='bbox 1336 2802 1521 2884; x_wconf 88' lang='lat' dir='ltr'><strong>quasi</strong></span> <span class='ocrx_word' id='word_1_190' title='bbox 1569 2798 1814 2884; x_wconf 85' lang='lat' dir='ltr'><strong>aliquid</strong></span> <span class='ocrx_word' id='word_1_191' title='bbox 1860 2804 2205 2885; x_wconf 84' lang='lat' dir='ltr'><strong>rogaturus</strong></span> <span class='ocrx_word' id='word_1_192' title='bbox 2241 2801 2510 2883; x_wconf 88' lang='lat' dir='ltr'><strong>propius</strong></span> <span class='ocrx_word' id='word_1_193' title='bbox 2549 2819 2648 2863; x_wconf 78' lang='lat' dir='ltr'><strong>ao-</strong></span> 
     </span>
     <span class='ocr_line' id='line_1_24' title="bbox 350 2906 2645 2992; baseline 0.002 -26"><span class='ocrx_word' id='word_1_194' title='bbox 350 2906 543 2968; x_wconf 87' lang='lat' dir='ltr'><strong>cessit</strong></span> <span class='ocrx_word' id='word_1_195' title='bbox 594 2906 1016 2990; x_wconf 89' lang='lat' dir='ltr'><strong>renuentique</strong></span> <span class='ocrx_word' id='word_1_196' title='bbox 1076 2912 1141 2971; x_wconf 90' lang='lat' dir='ltr'><strong>et</strong></span> <span class='ocrx_word' id='word_1_197' title='bbox 1196 2906 1509 2992; x_wconf 85' lang='lat' dir='ltr'><strong>gestu[m]</strong></span> <span class='ocrx_word' id='word_1_198' title='bbox 1558 2908 1625 2970; x_wconf 91' lang='lat' dir='ltr'><strong>in</strong></span> <span class='ocrx_word' id='word_1_199' title='bbox 1671 2907 1846 2971; x_wconf 84' lang='lat' dir='ltr'><strong>aliud</strong></span> <span class='ocrx_word' id='word_1_200' title='bbox 1892 2910 2150 2991; x_wconf 88' lang='lat' dir='ltr'><strong>tempus</strong></span> <span class='ocrx_word' id='word_1_201' title='bbox 2197 2906 2513 2971; x_wconf 85' lang='lat' dir='ltr'><strong>differenti</strong></span> <span class='ocrx_word' id='word_1_202' title='bbox 2563 2906 2645 2971; x_wconf 91' lang='lat' dir='ltr'><strong>ab</strong></span> 
     </span>
     <span class='ocr_line' id='line_1_25' title="bbox 349 3010 2646 3098; baseline 0.001 -25"><span class='ocrx_word' id='word_1_203' title='bbox 349 3015 625 3094; x_wconf 88' lang='lat' dir='ltr'><strong>utroque</strong></span> <span class='ocrx_word' id='word_1_204' title='bbox 676 3032 901 3077; x_wconf 88' lang='lat' dir='ltr'><strong>umero</strong></span> <span class='ocrx_word' id='word_1_205' title='bbox 958 3016 1179 3098; x_wconf 84' lang='lat' dir='ltr'><strong>togam</strong></span> <span class='ocrx_word' id='word_1_206' title='bbox 1236 3010 1683 3097; x_wconf 84' lang='lat' dir='ltr'><strong>adprehendit3</strong></span> <span class='ocrx_word' id='word_1_207' title='bbox 1751 3012 1978 3078; x_wconf 88' lang='lat' dir='ltr'><strong>deinde</strong></span> <span class='ocrx_word' id='word_1_208' title='bbox 2033 3013 2440 3077; x_wconf 85' lang='lat' dir='ltr'><strong>clamantem:</strong></span> <span class='ocrx_word' id='word_1_209' title='bbox 2493 3014 2646 3076; x_wconf 84' lang='lat' dir='ltr'><strong>ista</strong></span> 
     </span>
     <span class='ocr_line' id='line_1_26' title="bbox 268 3116 2645 3203; baseline 0.001 -25"><span class='ocrx_word' id='word_1_210' title='bbox 268 3136 323 3177; x_wconf 71' lang='grc' dir='ltr'><strong>εει</strong></span> <span class='ocrx_word' id='word_1_211' title='bbox 351 3116 651 3200; x_wconf 90' lang='lat' dir='ltr'><strong>quidem</strong></span> <span class='ocrx_word' id='word_1_212' title='bbox 712 3120 831 3183; x_wconf 90' lang='lat' dir='ltr'><strong>uis</strong></span> <span class='ocrx_word' id='word_1_213' title='bbox 891 3122 1032 3183; x_wconf 81' lang='lat' dir='ltr'><strong>est!</strong></span> <span class='ocrx_word' id='word_1_214' title='bbox 1094 3121 1257 3184; x_wconf 87' lang='lat' dir='ltr'><strong>alter</strong></span> <span class='ocrx_word' id='word_1_215' title='bbox 1318 3142 1352 3183; x_wconf 91' lang='lat' dir='ltr'><strong>e</strong></span> <span class='ocrx_word' id='word_1_216' title='bbox 1399 3120 1617 3184; x_wconf 87' lang='lat' dir='ltr'><strong>Cascis</strong></span> <span class='ocrx_word' id='word_1_217' title='bbox 1675 3142 1973 3185; x_wconf 88' lang='lat' dir='ltr'><strong>auersum</strong></span> <span class='ocrx_word' id='word_1_218' title='bbox 2031 3120 2328 3184; x_wconf 87' lang='lat' dir='ltr'><strong>uulnerat</strong></span> <span class='ocrx_word' id='word_1_219' title='bbox 2381 3118 2645 3203; x_wconf 85' lang='lat' dir='ltr'><strong>paulum</strong></span> 
     </span>
     <span class='ocr_line' id='line_1_27' title="bbox 349 3223 2716 3311; baseline 0.001 -24"><span class='ocrx_word' id='word_1_220' title='bbox 349 3223 517 3287; x_wconf 83' lang='lat' dir='ltr'><strong>infra</strong></span> <span class='ocrx_word' id='word_1_221' title='bbox 575 3225 889 3311; x_wconf 85' lang='lat' dir='ltr'><strong>iugulum.</strong></span> <span class='ocrx_word' id='word_1_222' title='bbox 978 3230 1207 3290; x_wconf 84' lang='lat' dir='ltr'><strong>Caesar</strong></span> <span class='ocrx_word' id='word_1_223' title='bbox 1267 3226 1501 3291; x_wconf 85' lang='lat' dir='ltr'><strong>Cascae</strong></span> <span class='ocrx_word' id='word_1_224' title='bbox 1569 3226 1906 3291; x_wconf 84' lang='lat' dir='ltr'><strong>brachium</strong></span> <span class='ocrx_word' id='word_1_225' title='bbox 1979 3230 2306 3310; x_wconf 86' lang='lat' dir='ltr'><strong>arreptum</strong></span> <span class='ocrx_word' id='word_1_226' title='bbox 2373 3224 2644 3311; x_wconf 88' lang='lat' dir='ltr'><strong>graphio</strong></span> <span class='ocrx_word' id='word_1_227' title='bbox 2685 3237 2716 3283; x_wconf 79' lang='lat'><strong>2</strong></span> 
     </span>
     <span class='ocr_line' id='line_1_28' title="bbox 348 3331 2646 3417; baseline 0 -23"><span class='ocrx_word' id='word_1_228' title='bbox 348 3331 602 3395; x_wconf 85' lang='lat' dir='ltr'><strong>traiecit</strong></span> <span class='ocrx_word' id='word_1_229' title='bbox 648 3336 1045 3417; x_wconf 87' lang='lat' dir='ltr'><strong>conatusque</strong></span> <span class='ocrx_word' id='word_1_230' title='bbox 1090 3333 1386 3417; x_wconf 89' lang='lat' dir='ltr'><strong>prosilire</strong></span> <span class='ocrx_word' id='word_1_231' title='bbox 1432 3333 1561 3397; x_wconf 83' lang='lat' dir='ltr'><strong>alio</strong></span> <span class='ocrx_word' id='word_1_232' title='bbox 1608 3334 1876 3397; x_wconf 90' lang='lat' dir='ltr'><strong>uulnere</strong></span> <span class='ocrx_word' id='word_1_233' title='bbox 1933 3332 2222 3397; x_wconf 89' lang='lat' dir='ltr'><strong>tardatus</strong></span> <span class='ocrx_word' id='word_1_234' title='bbox 2269 3337 2394 3417; x_wconf 81' lang='lat' dir='ltr'><strong>est3</strong></span> <span class='ocrx_word' id='word_1_235' title='bbox 2447 3336 2646 3415; x_wconf 88' lang='lat' dir='ltr'><strong>utque</strong></span> 
     </span>
     <span class='ocr_line' id='line_1_29' title="bbox 350 3436 2647 3527; baseline 0.001 -27"><span class='ocrx_word' id='word_1_236' title='bbox 350 3436 807 3502; x_wconf 85' lang='lat' dir='ltr'><strong>animaduertit</strong></span> <span class='ocrx_word' id='word_1_237' title='bbox 852 3439 1133 3522; x_wconf 89' lang='lat' dir='ltr'><strong>undique</strong></span> <span class='ocrx_word' id='word_1_238' title='bbox 1182 3462 1249 3504; x_wconf 88' lang='lat' dir='ltr'><strong>se</strong></span> <span class='ocrx_word' id='word_1_239' title='bbox 1296 3442 1539 3504; x_wconf 87' lang='lat' dir='ltr'><strong>strictis</strong></span> <span class='ocrx_word' id='word_1_240' title='bbox 1595 3440 1991 3527; x_wconf 85' lang='lat' dir='ltr'><strong>pugionibus</strong></span> <span class='ocrx_word' id='word_1_241' title='bbox 2037 3440 2199 3523; x_wconf 89' lang='lat' dir='ltr'><strong>peti,</strong></span> <span class='ocrx_word' id='word_1_242' title='bbox 2252 3443 2408 3525; x_wconf 88' lang='lat' dir='ltr'><strong>toga</strong></span> <span class='ocrx_word' id='word_1_243' title='bbox 2455 3444 2647 3522; x_wconf 89' lang='lat' dir='ltr'><strong>caput</strong></span> 
     </span>
     <span class='ocr_line' id='line_1_30' title="bbox 352 3542 2646 3629; baseline 0 -22"><span class='ocrx_word' id='word_1_244' title='bbox 352 3542 674 3629; x_wconf 88' lang='lat' dir='ltr'><strong>obuoluit,</strong></span> <span class='ocrx_word' id='word_1_245' title='bbox 729 3545 923 3610; x_wconf 87' lang='lat' dir='ltr'><strong>simul</strong></span> <span class='ocrx_word' id='word_1_246' title='bbox 976 3546 1239 3610; x_wconf 87' lang='lat' dir='ltr'><strong>sinistra</strong></span> <span class='ocrx_word' id='word_1_247' title='bbox 1292 3569 1485 3610; x_wconf 87' lang='lat' dir='ltr'><strong>manu</strong></span> <span class='ocrx_word' id='word_1_248' title='bbox 1542 3548 1756 3610; x_wconf 91' lang='lat' dir='ltr'><strong>sinum</strong></span> <span class='ocrx_word' id='word_1_249' title='bbox 1811 3547 1891 3610; x_wconf 87' lang='lat' dir='ltr'><strong>ad</strong></span> <span class='ocrx_word' id='word_1_250' title='bbox 1945 3546 2076 3609; x_wconf 89' lang='lat' dir='ltr'><strong>ima</strong></span> <span class='ocrx_word' id='word_1_251' title='bbox 2133 3566 2318 3610; x_wconf 82' lang='lat' dir='ltr'><strong>crura</strong></span> <span class='ocrx_word' id='word_1_252' title='bbox 2365 3545 2646 3627; x_wconf 88' lang='lat' dir='ltr'><strong>deduxit,</strong></span> 
     </span>
     <span class='ocr_line' id='line_1_31' title="bbox 270 3650 2646 3737; baseline 0.003 -28"><span class='ocrx_word' id='word_1_253' title='bbox 270 3670 324 3710; x_wconf 78' lang='lat' dir='ltr'><strong>so</strong></span> <span class='ocrx_word' id='word_1_254' title='bbox 351 3670 479 3734; x_wconf 91' lang='lat' dir='ltr'><strong>quo</strong></span> <span class='ocrx_word' id='word_1_255' title='bbox 534 3650 867 3717; x_wconf 85' lang='lat' dir='ltr'><strong>honestius</strong></span> <span class='ocrx_word' id='word_1_256' title='bbox 922 3654 1174 3717; x_wconf 89' lang='lat' dir='ltr'><strong>caderet</strong></span> <span class='ocrx_word' id='word_1_257' title='bbox 1234 3653 1427 3717; x_wconf 86' lang='lat' dir='ltr'><strong>etiam</strong></span> <span class='ocrx_word' id='word_1_258' title='bbox 1484 3653 1788 3717; x_wconf 88' lang='lat' dir='ltr'><strong>inferiore</strong></span> <span class='ocrx_word' id='word_1_259' title='bbox 1845 3652 2133 3737; x_wconf 89' lang='lat' dir='ltr'><strong>corporis</strong></span> <span class='ocrx_word' id='word_1_260' title='bbox 2186 3654 2370 3736; x_wconf 90' lang='lat' dir='ltr'><strong>parte</strong></span> <span class='ocrx_word' id='word_1_261' title='bbox 2414 3652 2646 3715; x_wconf 81' lang='lat' dir='ltr'><strong>uelata.</strong></span> 
     </span>
    </p>
   </div>
   <div class='ocr_carea' id='block_1_3' title="bbox 353 3813 776 3822">
    <p class='ocr_par' dir='ltr' id='par_1_3' title="bbox 353 3813 776 3822">
     <span class='ocr_line' id='line_1_32' title="bbox 353 3813 776 3822; baseline 0 1387"><span class='ocrx_word' id='word_1_262' title='bbox 353 3813 776 3822; x_wconf 95' lang='lat' dir='ltr'><strong> </strong></span> 
     </span>
    </p>
   </div>
   <div class='ocr_carea' id='block_1_4' title="bbox 349 3878 2653 4577">
    <p class='ocr_par' dir='ltr' id='par_1_4' title="bbox 349 3878 2653 4577">
     <span class='ocr_line' id='line_1_33' title="bbox 492 3878 2644 3949; baseline -0 -15"><span class='ocrx_word' id='word_1_263' title='bbox 492 3886 523 3934; x_wconf 81' lang='lat'><strong>2</strong></span> <span class='ocrx_word' id='word_1_264' title='bbox 552 3898 721 3936; x_wconf 87' lang='lat' dir='ltr'><strong>aureo</strong></span> <span class='ocrx_word' id='word_1_265' title='bbox 744 3878 1092 3937; x_wconf 80' lang='lat' dir='ltr'>GVL¹P¹0¹</span> <span class='ocrx_word' id='word_1_266' title='bbox 1238 3887 1268 3934; x_wconf 86' lang='lat'>3</span> <span class='ocrx_word' id='word_1_267' title='bbox 1300 3899 1330 3935; x_wconf 90' lang='lat' dir='ltr'><strong>e</strong></span> <span class='ocrx_word' id='word_1_268' title='bbox 1356 3880 1406 3936; x_wconf 68' lang='grc' dir='ltr'><strong>(τ’</strong></span> <span class='ocrx_word' id='word_1_269' title='bbox 1552 3888 1583 3934; x_wconf 89' lang='grc'>6</span> <span class='ocrx_word' id='word_1_270' title='bbox 1614 3882 1904 3935; x_wconf 81' lang='lat' dir='ltr'><strong>dexteram</strong></span> <span class='ocrx_word' id='word_1_271' title='bbox 1925 3887 1982 3935; x_wconf 86' lang='lat' dir='ltr'><em>X</em></span> <span class='ocrx_word' id='word_1_272' title='bbox 1987 3884 2047 3935; x_wconf 86' lang='lat' dir='ltr'><strong><em>H</em></strong></span> <span class='ocrx_word' id='word_1_273' title='bbox 2188 3888 2219 3935; x_wconf 89' lang='grc'>8</span> <span class='ocrx_word' id='word_1_274' title='bbox 2255 3884 2452 3949; x_wconf 83' lang='lat' dir='ltr'><strong>sponte</strong></span> <span class='ocrx_word' id='word_1_275' title='bbox 2473 3898 2571 3933; x_wconf 83' lang='lat' dir='ltr'><strong>om.</strong></span> <span class='ocrx_word' id='word_1_276' title='bbox 2595 3882 2644 3933; x_wconf 81' lang='lat' dir='ltr'><em>G</em></span> 
     </span>
     <span class='ocr_line' id='line_1_34' title="bbox 353 3958 2644 4031; baseline 0 -19"><span class='ocrx_word' id='word_1_277' title='bbox 353 3965 414 4013; x_wconf 90' lang='lat'><strong>11</strong></span> <span class='ocrx_word' id='word_1_278' title='bbox 456 3966 649 4031; x_wconf 80' lang='lat' dir='ltr'><strong>ageret</strong></span> <span class='ocrx_word' id='word_1_279' title='bbox 680 3962 840 4016; x_wconf 81' lang='lat' dir='ltr'><strong>M¹V</strong></span> <span class='ocrx_word' id='word_1_280' title='bbox 1007 3968 1071 4015; x_wconf 83' lang='lat'><strong>13</strong></span> <span class='ocrx_word' id='word_1_281' title='bbox 1120 3962 1441 4015; x_wconf 86' lang='lat' dir='ltr'><strong>distitueret</strong></span> <span class='ocrx_word' id='word_1_282' title='bbox 1480 3978 1507 4014; x_wconf 88' lang='lat' dir='ltr'><strong>e</strong></span> <span class='ocrx_word' id='word_1_283' title='bbox 1550 3960 1624 4015; x_wconf 83' lang='lat' dir='ltr'><em>M</em></span> <span class='ocrx_word' id='word_1_284' title='bbox 1803 3968 1868 4015; x_wconf 84' lang='lat'><strong>14</strong></span> <span class='ocrx_word' id='word_1_285' title='bbox 1916 3961 2161 4015; x_wconf 85' lang='lat' dir='ltr'><strong>indicem</strong></span> <span class='ocrx_word' id='word_1_286' title='bbox 2198 3961 2527 4014; x_wconf 81' lang='lat' dir='ltr'><strong>insidiarum</strong></span> <span class='ocrx_word' id='word_1_287' title='bbox 2571 3958 2644 4012; x_wconf 88' lang='lat' dir='ltr'><strong>X&#39;</strong></span> 
     </span>
     <span class='ocr_line' id='line_1_35' title="bbox 350 4040 2650 4111; baseline -0.001 -18"><span class='ocrx_word' id='word_1_288' title='bbox 350 4040 610 4109; x_wconf 86' lang='lat' dir='ltr'><strong>(indicem</strong></span> <span class='ocrx_word' id='word_1_289' title='bbox 650 4059 748 4096; x_wconf 84' lang='lat' dir='ltr'><strong>om.</strong></span> <span class='ocrx_word' id='word_1_290' title='bbox 790 4044 845 4111; x_wconf 84' lang='grc' dir='ltr'><strong>ὃ)</strong></span> <span class='ocrx_word' id='word_1_291' title='bbox 1008 4042 1137 4096; x_wconf 90' lang='lat' dir='ltr'><strong>ouio</strong></span> <span class='ocrx_word' id='word_1_292' title='bbox 1178 4043 1245 4095; x_wconf 84' lang='lat' dir='ltr'><em>M</em></span> <span class='ocrx_word' id='word_1_293' title='bbox 1261 4044 1427 4108; x_wconf 73' lang='lat'><strong>1⁷06,</strong></span> <span class='ocrx_word' id='word_1_294' title='bbox 1475 4060 1611 4095; x_wconf 86' lang='lat' dir='ltr'><strong>corr.</strong></span> <span class='ocrx_word' id='word_1_295' title='bbox 1664 4044 1722 4094; x_wconf 77' lang='lat' dir='ltr'><strong>in</strong></span> <span class='ocrx_word' id='word_1_296' title='bbox 1750 4060 1919 4111; x_wconf 58' lang='lat' dir='ltr'><strong>mai-9.</strong></span> <span class='ocrx_word' id='word_1_297' title='bbox 1955 4044 2004 4094; x_wconf 72' lang='grc' dir='ltr'>Γ</span> <span class='ocrx_word' id='word_1_298' title='bbox 2151 4048 2218 4093; x_wconf 78' lang='lat'><strong>20</strong></span> <span class='ocrx_word' id='word_1_299' title='bbox 2258 4041 2565 4109; x_wconf 82' lang='lat' dir='ltr'><strong>comparati</strong></span> <span class='ocrx_word' id='word_1_300' title='bbox 2605 4043 2650 4092; x_wconf 80' lang='lat' dir='ltr'><strong><em>T</em></strong></span> 
     </span>
     <span class='ocr_line' id='line_1_36' title="bbox 350 4120 2644 4191; baseline -0.002 -16"><span class='ocrx_word' id='word_1_301' title='bbox 350 4124 505 4189; x_wconf 82' lang='lat' dir='ltr'><strong>(corr.</strong></span> <span class='ocrx_word' id='word_1_302' title='bbox 534 4124 595 4175; x_wconf 68' lang='lat' dir='ltr'><strong>in</strong></span> <span class='ocrx_word' id='word_1_303' title='bbox 616 4125 698 4187; x_wconf 87' lang='grc' dir='ltr'><strong>Π,</strong></span> <span class='ocrx_word' id='word_1_304' title='bbox 738 4124 799 4175; x_wconf 76' lang='lat' dir='ltr'><strong>in</strong></span> <span class='ocrx_word' id='word_1_305' title='bbox 820 4122 875 4176; x_wconf 87' lang='lat' dir='ltr'><strong>R-</strong></span> <span class='ocrx_word' id='word_1_306' title='bbox 900 4140 968 4176; x_wconf 78' lang='lat' dir='ltr'><strong>ss.</strong></span> <span class='ocrx_word' id='word_1_307' title='bbox 997 4121 1029 4174; x_wconf 65' lang='lat' dir='ltr'><strong>i</strong></span> <span class='ocrx_word' id='word_1_308' title='bbox 1058 4122 1384 4191; x_wconf 78' lang='lat' dir='ltr'><strong>conspirati)</strong></span> <span class='ocrx_word' id='word_1_309' title='bbox 1532 4129 1595 4175; x_wconf 78' lang='lat'><strong>21</strong></span> <span class='ocrx_word' id='word_1_310' title='bbox 1641 4122 2116 4175; x_wconf 84' lang='lat' dir='ltr'><strong>circumstiterunt</strong></span> <span class='ocrx_word' id='word_1_311' title='bbox 2149 4124 2220 4175; x_wconf 78' lang='grc' dir='ltr'><strong><em>Μ</em></strong></span> <span class='ocrx_word' id='word_1_312' title='bbox 2226 4122 2242 4152; x_wconf 90' lang='lat'>¹</span> <span class='ocrx_word' id='word_1_313' title='bbox 2257 4123 2308 4174; x_wconf 75' lang='lat' dir='ltr'><em>V</em></span> <span class='ocrx_word' id='word_1_314' title='bbox 2444 4120 2644 4172; x_wconf 80' lang='lat' dir='ltr'><strong>Tillius</strong></span> 
     </span>
     <span class='ocr_line' id='line_1_37' title="bbox 354 4200 2644 4270; baseline -0.001 -16"><span class='ocrx_word' id='word_1_315' title='bbox 354 4202 651 4255; x_wconf 73' lang='lat' dir='ltr'><strong>Manutius</strong></span> <span class='ocrx_word' id='word_1_316' title='bbox 660 4244 676 4269; x_wconf 89' lang='lat'><em>‚</em></span> <span class='ocrx_word' id='word_1_317' title='bbox 704 4200 901 4255; x_wconf 88' lang='lat' dir='ltr'><strong>tullius</strong></span> <span class='ocrx_word' id='word_1_318' title='bbox 923 4206 973 4255; x_wconf 79' lang='grc' dir='ltr'><em>Ω</em></span> <span class='ocrx_word' id='word_1_319' title='bbox 995 4201 1190 4270; x_wconf 84' lang='lat' dir='ltr'><strong>(tullus</strong></span> <span class='ocrx_word' id='word_1_320' title='bbox 1213 4204 1266 4266; x_wconf 79' lang='grc' dir='ltr'><strong>ὃ)</strong></span> <span class='ocrx_word' id='word_1_321' title='bbox 1412 4208 1479 4254; x_wconf 80' lang='lat'><strong>23</strong></span> <span class='ocrx_word' id='word_1_322' title='bbox 1509 4202 1920 4268; x_wconf 72' lang='lat' dir='ltr'><strong>renunc-ntique</strong></span> <span class='ocrx_word' id='word_1_323' title='bbox 1943 4202 2066 4255; x_wconf 77' lang='lat' dir='ltr'><strong>MG</strong></span> <span class='ocrx_word' id='word_1_324' title='bbox 2083 4202 2236 4255; x_wconf 82' lang='lat' dir='ltr'><strong>VLP</strong></span> <span class='ocrx_word' id='word_1_325' title='bbox 2249 4200 2338 4254; x_wconf 70' lang='lat'><strong>06</strong></span> <span class='ocrx_word' id='word_1_326' title='bbox 2482 4204 2644 4267; x_wconf 81' lang='lat' dir='ltr'><strong>gestu</strong></span> 
     </span>
     <span class='ocr_line' id='line_1_38' title="bbox 355 4280 2645 4351; baseline -0.002 -15"><span class='ocrx_word' id='word_1_327' title='bbox 355 4282 479 4351; x_wconf 72' lang='lat' dir='ltr'><strong>st</strong></span> <span class='ocrx_word' id='word_1_328' title='bbox 623 4287 693 4335; x_wconf 81' lang='lat'><strong>24</strong></span> <span class='ocrx_word' id='word_1_329' title='bbox 730 4282 996 4335; x_wconf 86' lang='lat' dir='ltr'><strong>clamanti</strong></span> <span class='ocrx_word' id='word_1_330' title='bbox 1024 4284 1073 4336; x_wconf 88' lang='lat' dir='ltr'><em>G</em></span> <span class='ocrx_word' id='word_1_331' title='bbox 1219 4288 1287 4334; x_wconf 75' lang='lat'><strong>25</strong></span> <span class='ocrx_word' id='word_1_332' title='bbox 1326 4299 1355 4335; x_wconf 88' lang='lat' dir='ltr'><strong>e</strong></span> <span class='ocrx_word' id='word_1_333' title='bbox 1395 4280 1581 4335; x_wconf 84' lang='lat' dir='ltr'><strong>Cascis</strong></span> <span class='ocrx_word' id='word_1_334' title='bbox 1622 4282 1950 4346; x_wconf 76' lang='lat' dir='ltr'><strong>Beroaldus,</strong></span> <span class='ocrx_word' id='word_1_335' title='bbox 1990 4298 2019 4333; x_wconf 91' lang='lat' dir='ltr'><strong>e</strong></span> <span class='ocrx_word' id='word_1_336' title='bbox 2058 4281 2251 4333; x_wconf 80' lang='lat' dir='ltr'><strong>cassiis</strong></span> <span class='ocrx_word' id='word_1_337' title='bbox 2280 4282 2418 4345; x_wconf 66' lang='lat' dir='ltr'><strong>Me,</strong></span> <span class='ocrx_word' id='word_1_338' title='bbox 2467 4296 2495 4332; x_wconf 89' lang='lat' dir='ltr'><strong>e</strong></span> <span class='ocrx_word' id='word_1_339' title='bbox 2527 4296 2645 4332; x_wconf 87' lang='lat' dir='ltr'><strong>cas-</strong></span> 
     </span>
     <span class='ocr_line' id='line_1_39' title="bbox 349 4360 2573 4430; baseline -0 -17"><span class='ocrx_word' id='word_1_340' title='bbox 349 4360 417 4413; x_wconf 85' lang='lat' dir='ltr'><strong>sii</strong></span> <span class='ocrx_word' id='word_1_341' title='bbox 446 4363 507 4426; x_wconf 75' lang='lat' dir='ltr'><strong>V,</strong></span> <span class='ocrx_word' id='word_1_342' title='bbox 554 4362 733 4416; x_wconf 81' lang='lat' dir='ltr'><strong>casias</strong></span> <span class='ocrx_word' id='word_1_343' title='bbox 776 4363 851 4430; x_wconf 81' lang='lat' dir='ltr'><strong>G,</strong></span> <span class='ocrx_word' id='word_1_344' title='bbox 909 4363 1122 4415; x_wconf 85' lang='lat' dir='ltr'><strong>cassius</strong></span> <span class='ocrx_word' id='word_1_345' title='bbox 1162 4365 1278 4415; x_wconf 83' lang='grc' dir='ltr'><strong>ΧΤ</strong></span> <span class='ocrx_word' id='word_1_346' title='bbox 1401 4363 1700 4415; x_wconf 87' lang='lat' dir='ltr'><strong>aduersum</strong></span> <span class='ocrx_word' id='word_1_347' title='bbox 1744 4362 2063 4415; x_wconf 73' lang='lat' dir='ltr'><strong><em>GVO¹HR</em></strong></span> <span class='ocrx_word' id='word_1_348' title='bbox 2192 4367 2257 4413; x_wconf 78' lang='lat'><strong>26</strong></span> <span class='ocrx_word' id='word_1_349' title='bbox 2298 4360 2490 4429; x_wconf 85' lang='lat' dir='ltr'><strong>gulam</strong></span> <span class='ocrx_word' id='word_1_350' title='bbox 2523 4361 2573 4413; x_wconf 85' lang='lat' dir='ltr'><strong><em>G</em></strong></span> 
     </span>
     <span class='ocr_line' id='line_1_40' title="bbox 350 4440 2653 4513; baseline -0.001 -18"><span class='ocrx_word' id='word_1_351' title='bbox 350 4456 544 4495; x_wconf 77' lang='lat' dir='ltr'><strong>caecae</strong></span> <span class='ocrx_word' id='word_1_352' title='bbox 582 4444 711 4513; x_wconf 84' lang='lat' dir='ltr'><strong>(-ce)</strong></span> <span class='ocrx_word' id='word_1_353' title='bbox 746 4445 795 4495; x_wconf 84' lang='lat' dir='ltr'><strong>‘I‘</strong></span> <span class='ocrx_word' id='word_1_354' title='bbox 836 4442 1029 4511; x_wconf 79' lang='lat' dir='ltr'><strong>(etiam</strong></span> <span class='ocrx_word' id='word_1_355' title='bbox 1068 4443 1267 4496; x_wconf 88' lang='lat' dir='ltr'><strong>casche</strong></span> <span class='ocrx_word' id='word_1_356' title='bbox 1289 4444 1368 4511; x_wconf 83' lang='grc' dir='ltr'><strong>δ),</strong></span> <span class='ocrx_word' id='word_1_357' title='bbox 1426 4442 1610 4495; x_wconf 83' lang='lat' dir='ltr'><strong>casiae</strong></span> <span class='ocrx_word' id='word_1_358' title='bbox 1655 4442 1733 4506; x_wconf 79' lang='lat' dir='ltr'><strong>G,</strong></span> <span class='ocrx_word' id='word_1_359' title='bbox 1790 4442 1956 4493; x_wconf 85' lang='lat' dir='ltr'><strong>cassii</strong></span> <span class='ocrx_word' id='word_1_360' title='bbox 1999 4440 2149 4494; x_wconf 80' lang='lat' dir='ltr'><strong>MX&#39;</strong></span> <span class='ocrx_word' id='word_1_361' title='bbox 2335 4444 2556 4509; x_wconf 85' lang='lat' dir='ltr'><strong>arrepto</strong></span> <span class='ocrx_word' id='word_1_362' title='bbox 2595 4444 2653 4492; x_wconf 85' lang='lat' dir='ltr'><em>X</em></span> 
     </span>
     <span class='ocr_line' id='line_1_41' title="bbox 349 4522 797 4577; baseline 0.009 -4"><span class='ocrx_word' id='word_1_363' title='bbox 349 4526 416 4573; x_wconf 85' lang='lat'><strong>30</strong></span> <span class='ocrx_word' id='word_1_364' title='bbox 454 4522 704 4576; x_wconf 82' lang='lat' dir='ltr'><strong>reuelata</strong></span> <span class='ocrx_word' id='word_1_365' title='bbox 746 4524 797 4577; x_wconf 89' lang='lat' dir='ltr'><strong><em>V</em></strong></span> 
     </span>
    </p>
   </div>
  </div>
 </body>
</html>
