3259 5209
1211 485 1408 540 NERO
1446 498 1580 548 [cu.
1607 500 1785 549 48—501
2512 487 2641 552 267

347 650 658 734 puniatur
700 671 881 713 more
921 650 1254 732 maiorum,
1300 649 1853 734 interrogauitque
1900 651 2087 735 quale
2134 651 2199 715 id
2238 673 2440 738 genus
2478 657 2645 716 esset

344 777 626 840 poenae;
689 760 753 821 et
823 778 968 821 cum
1034 756 1451 840 comperisset
1509 757 1667 821 nudi
1725 757 2007 822 hominis
2076 759 2389 823 ceruicem
2451 759 2647 824 inseri

345 864 584 946 furcae,
631 884 864 948 corpus
911 862 1114 948 uirgis
1162 863 1242 926 ad
1285 884 1506 928 necem
1556 863 1752 942 caedi,
1798 865 2182 928 conterritus
2220 865 2381 928 duos
2416 866 2645 951 pugio·

346 992 480 1054 nes,
529 992 690 1053 quos
729 989 944 1034 secum
983 969 1316 1053 extulerat,
1352 971 1626 1054 arripuit
1662 973 2103 1055 temptataque
2139 969 2473 1055 utriusque
2508 973 2645 1037 acie

291 1100 320 1140 ε
349 1099 572 1140 rursus
619 1075 923 1158 condidit,
977 1080 1274 1140 causatus
1318 1075 1647 1141 nondum
1695 1076 1959 1142 adesse
2004 1077 2317 1141 fatalem
2362 1078 2645 1142 horam.

348 1205 424 1248 ac
453 1181 647 1247 modo
679 1181 956 1266 Sporum
986 1183 1367 1247 hortabatur
1401 1187 1474 1246 ut
1505 1183 1841 1248 lamentari
1878 1205 1955 1248 ac
1988 1185 2292 1269 plangere
2320 1184 2647 1269 inciperet,
2685 1199 2718 1248 3

351 1290 544 1353 modo
595 1289 818 1353 orabat
863 1295 936 1352 ut
983 1311 1051 1353 se
1097 1290 1328 1373 aliquis
1385 1290 1464 1353 ad
1518 1295 1793 1354 mortem
1852 1291 2301 1373 capessendam
2350 1293 2645 1375 exemplo

349 1398 630 1482 iuuaret3
677 1395 998 1462 interdum
1038 1395 1373 1481 segnitiem
1413 1417 1596 1460 suam
1633 1397 1735 1460 his
1773 1397 1988 1462 uerbis
2025 1396 2419 1482 increpabat:
2464 1398 2645 1463 uiuo

353 1502 840 1587 deformiter,
883 1503 1221 1586 turpiter
1276 1539 1358 1548 —-
1416 1503 1498 1567 οὐ
1544 1501 1777 1584 πρέπει
1828 1503 2114 1588 Νέρωνι,
2161 1505 2243 1568 οὐ
2288 1503 2529 1588 πρέπει
2560 1541 2649 1550 —-

270 1621 325 1672 io
351 1612 596 1692 νήφειν
644 1610 746 1673 δεῖ
794 1610 865 1674 ἐν
911 1621 1050 1685 τοῖς
1095 1610 1422 1684 τοιούτοις
1457 1646 1545 1656 -
1583 1611 1701 1691 ἄγε
1748 1606 1960 1691 ἔγειρε
2007 1613 2305 1675 σεαυτόν.
2392 1611 2648 1694 iamque

353 1717 602 1798 equites
661 1715 1294 1799 appropinquabant,
1351 1716 1582 1800 quibus
1642 1720 2053 1800 praeceptum
2111 1721 2246 1781 erat
2300 1721 2373 1780 ut
2422 1717 2648 1780 uiuum

354 1845 497 1886 eum
556 1822 981 1887 adtraherent.
1057 1823 1230 1905 quod
1287 1827 1362 1885 ut
1409 1823 1637 1906 sensit,
1696 1823 2090 1907 trepidanter
2145 1823 2373 1888 effatus
2418 1823 2647 1906 (Hom.

353 1929 440 1992 Il.
483 1935 580 2006 10,
618 1929 808 2012 535>:

559 2037 776 2100 ἵππων
823 2035 992 2120 μ’[ε]
1043 2036 1412 2100 ὠκυπόδων
1456 2035 1624 2120 ἀμφὶ
1674 2037 1921 2112 κτύπος
1966 2036 2172 2100 οὔατα
2220 2037 2446 2118 βάλλει

271 2163 326 2204 15
355 2142 594 2206 ferrum
651 2143 873 2228 iugulo
931 2143 1144 2228 adegit
1189 2143 1452 2206 iuuante
1496 2141 1943 2226 Epaphrodito
1999 2165 2037 2206 a
2091 2142 2340 2208 libellis.
2425 2142 2647 2208 semia·
2686 2160 2720 2207 4

353 2249 674 2332 nimisque
729 2249 937 2313 adhuc
991 2251 1372 2332 irrumpenti
1428 2249 1787 2314 centurioni
1841 2253 1907 2312 et
1960 2249 2235 2332 paenula
2288 2249 2367 2313 ad
2412 2250 2649 2314 uulnus

355 2354 649 2439 adposita
693 2357 762 2419 in
808 2355 1118 2420 auxilium
1165 2377 1234 2420 se
1279 2355 1528 2420 uenisse
1575 2356 1905 2420 simulanti
1940 2376 2073 2420 non
2112 2355 2282 2420 aliud
2319 2356 2651 2440 respondit

355 2482 574 2545 quam:
640 2483 805 2526 sero
855 2466 944 2526 et:
999 2461 1183 2526 haec
1239 2467 1353 2526 est
1405 2462 1621 2526 fides
1708 2466 1901 2546 atque
1946 2463 2014 2526 in
2069 2485 2143 2527 ea
2197 2484 2357 2526 uoce
2402 2462 2650 2544 defecit,

355 2568 721 2633 extantibus
750 2567 1232 2655 rigentibusque
1270 2569 1472 2633 oculis
1509 2590 1713 2653 usque
1750 2568 1829 2632 ad
1857 2569 2189 2634 horrorem
2216 2569 2648 2634 formidinem-

272 2695 330 2735 ιο
357 2696 482 2757 que
535 2675 898 2740 uisentium.
982 2675 1146 2739 nihil
1199 2677 1377 2759 prius
1433 2679 1544 2740 aut
1598 2677 1805 2762 magis
1864 2699 1901 2739 a
1955 2676 2297 2741 comitibus
2355 2680 2653 2762 exegerat

357 2803 551 2864 quam
608 2803 689 2846 ne
743 2785 1026 2864 potestas
1085 2783 1380 2865 cuiquam
1431 2783 1658 2866 capitis
1706 2784 1806 2847 sui
1851 2781 2059 2865 fieret,
2116 2781 2225 2846 sed
2270 2786 2345 2846 ut
2391 2803 2653 2865 quoquo

355 2886 552 2952 modo
599 2891 775 2951 totus
824 2893 1225 2954 cremaretur.
1310 2889 1602 2972 permisit
1647 2888 1773 2954 hoc
1812 2887 2038 2970 Icelus,
2086 2885 2323 2952 Galbae
2366 2888 2654 2972 libertus,

358 3016 492 3058 non
528 2993 734 3060 multo
773 2999 920 3059 ante
956 2996 1232 3060 uinculis
1273 2996 1585 3078 exolutus,
1631 2996 1701 3059 in
1738 3018 1901 3079 quae
1936 2995 2145 3080 primo
2184 2996 2466 3058 tumultu
2506 3016 2653 3058 con-

355 3101 561 3164 iectus
606 3101 830 3166 fuerat.

155 3201 162 3206 ’
274 3224 330 3267 2⁶
540 3205 898 3272 Funeratus
937 3213 1034 3272 est
1071 3209 1362 3293 impensa
1390 3208 1811 3272 ducentorum
1852 3208 2122 3288 milium,
2150 3207 2451 3293 stragulis
2490 3207 2651 3272 albis
2665 3197 2761 3263 50

501 3406 534 3454 8
565 3401 720 3469 Epit.
745 3406 796 3468 5,
815 3405 850 3454 7
878 3399 1213 3455 dedecorose
1239 3401 1374 3466 uixi,
1403 3401 1624 3470 turpius
1657 3417 1898 3470 peream.
2026 3405 2091 3454 16
2128 3401 2311 3455 Victor
2340 3401 2487 3456 Gaea.
2510 3403 2562 3466 5,
2584 3405 2657 3454 16

363 3479 618 3534 desertus
664 3481 915 3548 undique
964 3480 1076 3534 nisi
1123 3480 1195 3534 ab
1242 3480 1492 3549 spadone
1523 3483 1811 3534 ...semet
1856 3480 1975 3534 ictu
2020 3479 2311 3550 transegit.
2369 3481 2527 3548 Epit.
2549 3484 2602 3546 5,
2621 3484 2657 3534 7

364 3563 542 3614 semet
577 3559 693 3614 ictu
730 3560 910 3631 gladii
949 3561 1226 3630 transegit
1263 3561 1570 3615 adiuuante
1607 3560 1987 3630 trepidantem
2024 3576 2252 3614 manum
2290 3560 2510 3629 impuro
2523 3603 2536 3626 ,
2586 3559 2657 3614 de

360 3656 474 3708 quo
521 3639 764 3694 diximus
811 3642 866 3711 (i.
907 3641 1128 3710 Spero),
1175 3641 1444 3694 eunucho,
1511 3642 1580 3707 cf.
1610 3643 1823 3694 Auson.
1852 3645 1987 3707 259,
2021 3645 2056 3694 6
2104 3639 2319 3710 proprii
2364 3639 2484 3693 uim
2529 3656 2655 3708 per·

357 3720 493 3774 tulit
529 3719 696 3774 ensis.

359 3833 467 3838 —--
516 3833 785 3840 ——-—-—-—

503 3895 534 3941 3
573 3905 706 3943 uero
737 3897 864 3958 post
901 3905 1102 3959 corpus
1139 3889 1266 3944 add.
1300 3890 1365 3943 H
1531 3895 1564 3943 8
1602 3889 1737 3942 uiuo
1777 3887 2125 3958 deformiter]
2165 3889 2501 3943 dedecorose
2536 3888 2655 3942 uixi

361 3970 516 4039 Epasst.
700 3975 731 4022 9
771 3969 1015 4039 turpiter
1042 3971 1111 4036 Ω,
1150 3986 1250 4023 om.
1281 3969 1404 4028 12¹3
1443 3969 1722 4039 (ylossema
1754 3974 1962 4037 putant
1999 3969 2193 4022 Burm.
2236 3968 2373 4022 Oud.
2412 3970 2657 4037 aliique),

361 4049 582 4118 turpius
619 4065 786 4119 pereo
815 4048 894 4116 H,
932 4049 1153 4118 turpius
1189 4064 1417 4118 peream
1445 4049 1622 4118 Epit„
1658 4048 1867 4102 morior
1901 4047 2143 4117 turpiter
2178 4047 2273 4115 1²²,
2312 4064 2379 4101 ac
2415 4047 2658 4116 turpiter

361 4130 513 4200 uuly.
545 4137 672 4198 post
699 4129 1025 4184 Sabellicum
1157 4128 1358 4196 Νέρων
1385 4129 1504 4185 edd.
1537 4129 1694 4184 Rom,
1827 4133 1892 4181 10
1932 4128 2201 4205 ΝῌΦΕΙΙΝ
2232 4129 2361 4194 LS,
2402 4128 2655 4181 ΜΗΦΕΙΝ

371 4209 520 4263 YPT
625 4225 693 4264 εε.
732 4227 906 4278 supra
938 4209 1152 4264 Graeca
1189 4226 1299 4262 non
1339 4208 1502 4262 decet
1535 4224 1800 4262 neronem
1838 4224 1950 4261 non
1989 4207 2151 4261 decet
2184 4206 2427 4276 uigilare
2465 4209 2567 4276 (-te
2595 4207 2657 4274 S)

364 4305 582 4358 semper
631 4293 843 4358 (semen
882 4291 953 4359 L)
1000 4289 1060 4342 in
1106 4288 1318 4342 talibus
1363 4288 1637 4342 resuscita
1682 4290 1740 4342 te
1785 4289 1971 4357 ipsum
2019 4288 2140 4357 (sed
2176 4287 2449 4341 resuscita
2492 4289 2551 4339 te
2589 4287 2657 4355 S)

363 4371 423 4422 in
453 4369 552 4426 LS
691 4370 976 4424 (ἰὰΥΤΟΝ
1013 4370 1302 4438 ((ἰὰΙΤΟΝ·
1330 4369 1464 4440 6¹9)
1497 4368 1749 4423 GRPTA*
1887 4375 2012 4436 post
2050 4367 2379 4423 ΕΕὰΥΤΟΝ
2416 4368 2658 4435 spatium

362 4466 560 4503 nouem
595 4451 708 4516 fere
745 4450 1052 4504 litteram-mn
1090 4466 1329 4504 uacuum
1359 4451 1608 4504 relictum
1645 4450 1708 4502 in
1739 4451 1813 4503 M
1954 4454 2018 4501 11
2056 4451 2122 4501 ut
2152 4447 2519 4512 HGLHRN,
2556 4464 2657 4502 om.

361 4531 454 4584 rel.
657 4535 722 4582 12
763 4545 891 4583 eum
927 4547 1026 4584 om.
1059 4530 1125 4583 N
1129 4549 1163 4588 ς
1371 4534 1435 4582 15
1475 4527 1832 4598 epafrondito
1870 4527 2148 4581 Halabilis
2181 4527 2231 4582 G
2425 4533 2491 4580 21
2523 4543 2657 4595 quo-

366 4610 499 4681 quo]
539 4626 650 4680 quo
683 4610 734 4664 G
915 4615 981 4663 22
1020 4610 1235 4663 hiceius
1275 4607 1548 4678 (hicheius
1582 4609 1661 4674 G,
1696 4607 1911 4661 hiccius
1941 4608 2041 4672 12¹)
2063 4610 2141 4674 Ω,
2178 4624 2313 4662 corr.
2344 4609 2661 4662 Politianus
