3259 5209
615 431 697 493 14
1269 429 1326 483 C.
1367 428 1681 483 SVETONI
1722 428 2168 494 TRANQVILLI

611 597 809 676 esset,
873 614 947 655 ea
1013 614 1173 675 quae
1239 592 1316 655 ad
1383 593 1643 675 epulum
1698 593 2125 675 pertinerent,
2192 594 2487 675 quamuis
2553 594 2917 657 macellaris

541 716 572 764 3
611 698 933 785 ablocata,
991 700 1184 762 etiam
1251 698 1722 763 domesticatim
1788 698 2153 782 apparabat.
2248 699 2637 784 gladiatores
2702 704 2917 779 notua,

611 805 819 870 sicubi
878 804 1129 869 infestis
1192 804 1657 889 spectatoribus
1719 805 2121 888 dimicarent,
2184 806 2251 869 ui
2313 806 2651 889 rapiendos
2712 826 2917 869 reser-

610 912 983 996 uandosque
1038 910 1398 976 mandabat.
1489 912 1737 975 tirones
1792 934 2001 995 neque
2058 914 2123 975 in
2180 913 2333 977 ludo
2388 933 2595 995 neque
2651 933 2769 995 per
2822 912 2915 975 la-

607 1019 830 1099 nistas,
877 1018 987 1082 sed
1035 1020 1103 1081 in
1149 1018 1444 1081 domibus
1491 1039 1604 1101 per
1651 1019 1903 1101 equites
1939 1018 2267 1082 Romanos
2314 1022 2507 1103 atque
2552 1019 2745 1082 etiam
2794 1040 2915 1101 per
2978 1044 3003 1085 ε

611 1130 935 1189 senatores
983 1146 1307 1189 armorum
1353 1125 1596 1207 peritos
1644 1126 2002 1205 erudiebat,
2058 1125 2356 1209 precibus
2404 1127 2679 1207 enitens,
2736 1124 2913 1207 quod

609 1232 904 1314 epistulis
945 1232 1081 1295 eius
1121 1231 1498 1313 ostenditur,
1535 1235 1608 1295 ut
1647 1231 2053 1314 disciplinam
2084 1232 2484 1317 singulorum
2514 1231 2915 1314 susciperent

608 1338 859 1421 ipsique
924 1337 1164 1402 dictata
1233 1338 1677 1401 exercentibus
1744 1338 1982 1402 darent.
2085 1337 2450 1423 legionibus
2514 1337 2909 1421 stipendium

608 1443 676 1506 in
729 1449 1113 1527 perpetuum
1170 1443 1538 1527 duplicauit.
1625 1444 2048 1528 frumentum,
2114 1444 2412 1526 quotiens
2478 1444 2663 1527 copia
2717 1450 2909 1525 esset,

608 1550 800 1613 etiam
861 1551 999 1615 sine
1055 1552 1246 1614 modo
1303 1573 1730 1633 mensuraque
1784 1549 2082 1633 praebuit
2136 1572 2209 1614 ac
2268 1549 2523 1635 singula
2582 1550 2907 1613 interdum
2946 1576 3005 1615 ιο

501 1656 587 1721 27
613 1656 933 1739 mancipia
987 1655 1107 1740 e[t]
1165 1656 1486 1741 praed[i]a
1540 1658 1789 1721 uiritim
1848 1656 2035 1720 dedit.
2121 1658 2201 1720 ad
2246 1656 2643 1722 retinendam
2692 1660 2907 1720 autem

607 1761 876 1845 Pompei
923 1764 1458 1827 necessitudinem
1505 1786 1577 1827 ac
1623 1763 2025 1828 uoluntatem
2076 1762 2409 1828 Octauiam
2466 1763 2707 1827 sororis
2754 1784 2907 1826 suae

607 1874 892 1952 neptem,
949 1891 1109 1952 quae
1166 1869 1678 1961 GaiobMarcello
1734 1874 1939 1953 nupta
1994 1875 2157 1953 erat,
2214 1870 2651 1935 condicionem
2698 1870 2759 1933 ei
2805 1869 2907 1931 de-

608 1975 759 2038 tulit
807 1977 1058 2059 sibique
1102 1976 1302 2040 filiam
1361 1979 1497 2040 eius
1545 1976 1610 2040 in
1660 1976 2143 2040 matrimonium
2190 1977 2357 2061 petit
2402 1976 2641 2040 Fausto
2690 1974 2907 2039 Sullae

609 2082 1006 2145 destinatam.
1075 2083 1374 2147 omnibus
1413 2104 1566 2147 uero
1606 2084 1779 2147 circa
1814 2106 1959 2147 eum
2000 2088 2193 2166 atque
2232 2084 2425 2148 etiam
2464 2087 2643 2166 parte
2672 2104 2909 2166 magna
2942 2108 2999 2148 ιε

609 2194 864 2252 senatus
921 2190 1204 2273 gratuito
1262 2193 1373 2252 aut
1425 2188 1557 2253 leui
1603 2189 1863 2253 faenore
1913 2191 2263 2273 obstrictis,
2320 2212 2399 2252 ex
2454 2190 2702 2272 reliquo
2750 2210 2907 2271 quo-

608 2316 731 2376 que
789 2295 1086 2358 ordinum
1143 2317 1370 2380 genere
1426 2296 1531 2359 uel
1587 2297 1897 2360 inuitatos
1955 2296 2059 2361 uel
2116 2301 2343 2381 sponte
2394 2296 2476 2359 ad
2522 2318 2589 2361 se
2634 2317 2905 2359 comme-

607 2402 776 2464 antis
823 2401 1147 2465 uberrimo
1195 2403 1523 2488 congiario
1571 2403 2109 2486 prosequebatur,
2155 2403 2421 2468 libertos
2468 2404 2733 2487 insuper
2778 2423 2905 2464 ser·

607 2506 921 2589 uulosque
968 2508 1294 2591 cuiusque,
1339 2512 1535 2592 prout
1583 2509 1845 2573 domino
1892 2514 2246 2593 patronoue
2295 2513 2513 2594 gratus
2562 2508 2675 2591 qui
2718 2511 2905 2571 esset.

609 2618 744 2676 tum
803 2635 1059 2677 reorum
1115 2618 1225 2678 aut
1281 2615 1730 2679 obaeratorum
1779 2621 1889 2679 aut
1948 2616 2252 2699 prodigae
2297 2616 2654 2681 iuuentutis
2702 2614 2904 2679 subsi-
2936 2641 2995 2679 ,ο

609 2719 785 2784 dium
833 2720 1093 2784 unicum
1142 2743 1217 2784 ac
1261 2722 1820 2805 promptissimum
1869 2726 2031 2804 erat,
2086 2722 2214 2785 nisi
2262 2744 2424 2805 quos
2480 2721 2743 2807 grauior
2788 2722 2906 2783 cri-

607 2826 853 2890 minum
901 2827 1007 2890 uel
1054 2827 1305 2912 inopiae
1352 2826 1724 2891 luxuriaeue
1771 2828 1871 2891 uis
1909 2833 2185 2912 urgeret,
2233 2850 2425 2911 quam
2463 2832 2537 2891 ut
2572 2826 2905 2891 subueniri

605 2938 828 3016 posset
874 2956 912 2997 a
958 2955 1051 3019 se3
1106 2935 1209 2997 his
1263 2934 1453 3019 plane
1511 2934 1723 3017 palam
1780 2934 1951 2997 bello
2009 2935 2185 2999 ciuili
2242 2958 2402 3017 opus
2450 2956 2589 2998 esse
2634 2932 2903 2997 dicebat.

499 3038 588 3103 28
609 3062 725 3105 nec
779 3042 1026 3104 minore
1081 3041 1292 3104 studio
1358 3063 1538 3125 reges
1596 3046 1788 3124 atque
1847 3042 2210 3125 prouincias
2266 3064 2380 3125 per
2434 3045 2749 3104 terrarum
2806 3062 2903 3103 or-

607 3146 749 3210 bem
809 3147 1174 3230 adliciebat,
1240 3146 1385 3210 aliis
1450 3148 1857 3231 captiuorum
1923 3148 2103 3212 milia
2164 3150 2332 3211 dono
2395 3148 2696 3230 offerens,
2756 3145 2903 3209 aliis
2932 3174 2989 3213 85

609 3254 768 3316 citra
815 3258 1071 3317 senatus
1116 3255 1468 3337 populique
1513 3254 1980 3335 auctoritatem,
2028 3276 2155 3337 quo
2204 3254 2445 3317 uellent
2491 3258 2557 3317 et
2603 3253 2902 3336 quotiens

607 3358 875 3441 uellent,
924 3360 1162 3423 auxilia
1210 3359 1594 3423 submittens
1605 3411 1623 3444 ,
1676 3382 1993 3444 superque
2039 3358 2263 3424 Italiae
2312 3360 2793 3443 Galliarumque
2838 3364 2903 3422 et

609 3464 1095 3549 Hispaniarum,
1151 3466 1345 3531 Asiae
1401 3489 1655 3550 quoque
1712 3472 1775 3530 et
1823 3466 2120 3531 Graeciae
2176 3468 2653 3550 potentissimas
2710 3466 2903 3529 urbes

604 3572 965 3655 praecipuis
1020 3572 1320 3655 operibus
1375 3594 1719 3657 exornan83
1780 3575 2007 3656 donec,
2069 3574 2361 3636 attonitis
2418 3575 2545 3636 iam
2600 3571 2902 3636 omnibus

607 3684 672 3741 et
745 3700 1051 3761 quorsum
1127 3678 1238 3742 illa
1313 3679 1645 3743 tenderent
1717 3680 2195 3763 reputantibus,
2268 3679 2520 3744 Marcus
2598 3677 2900 3743 Claudius
2929 3704 2987 3745 ω

605 3784 945 3849 Marcellus
1003 3786 1226 3850 consul
1283 3785 1489 3849 edicto
1545 3786 1897 3870 praefatus,
1952 3786 2030 3849 de
2087 3808 2336 3850 summa
2396 3810 2462 3849 se
2519 3808 2585 3849 re
2640 3784 2901 3869 publica

751 3992 777 4039 1
818 3987 1088 4057 populum
1132 3988 1182 4041 G
1327 3994 1357 4038 2
1398 3986 1663 4039 adlocata
1706 3989 1772 4055 T,
1822 3986 2081 4040 oblocata
2119 3987 2324 4046 P¹015
2371 3988 2593 4057 (aalys,
2642 3985 2707 4039 al'
2745 3984 2901 4039 oblo-

606 4071 734 4121 cata
774 4068 857 4120 11²
892 4070 956 4120 in
993 4085 1162 4138 viary.
1205 4068 1294 4133 (cf.
1337 4068 1441 4121 Vit.
1475 4071 1529 4136 7)
1686 4073 1716 4117 3
1756 4068 2171 4135 seruandosque
2214 4069 2265 4121 V
2414 4072 2445 4119 9
2496 4066 2658 4134 copia
2703 4082 2803 4121 om.
2848 4066 2901 4120 G

607 4155 670 4201 11
712 4164 741 4200 e
773 4154 859 4216 (ex
900 4148 1102 4215 Ursin.)
1140 4148 1354 4216 praeda
1386 4148 1532 4201 Roth
1569 4150 1659 4215 (ef.
1694 4148 1839 4201 Caes.
1873 4149 1917 4200 b.
1954 4149 2018 4200 G.
2056 4148 2175 4201 VII
2195 4154 2307 4211 69),
2348 4151 2404 4198 et
2440 4146 2675 4214 praedia
2712 4152 2901 4213 (pran-

605 4228 701 4280 dia
721 4230 786 4297 Q)
802 4232 872 4291 Ω,
892 4231 949 4282 et
968 4244 1170 4296 pecora
1187 4229 1380 4280 Burm.
1471 4232 1536 4279 13
1559 4226 1942 4280 condicionem
1966 4229 2034 4281 M
2040 4228 2110 4279 Ἦ
2126 4228 2267 4291 VL1,
2289 4244 2383 4279 -ne
2406 4228 2495 4279 rel.
2586 4232 2652 4279 14
2669 4226 2778 4278 sibi
2796 4225 2849 4279 G

603 4309 774 4376 petiit
799 4311 848 4360 Τ
980 4314 1044 4360 16
1075 4308 1320 4376 gratuite
1345 4307 1410 4373 G,
1441 4309 1626 4376 gratia
1655 4307 1843 4359 Modd.
1974 4308 2094 4377 aut]
2127 4323 2191 4359 ac
2226 4307 2270 4376 Q
2400 4322 2678 4373 quemque
2702 4306 2897 4359 Bu-rm.

607 4395 672 4440 18
718 4388 1164 4455 prosequebatur
1200 4388 1416 4454 L2T5,
1471 4386 1913 4455 persequebatur
1951 4389 2044 4441 rel.
2077 4390 2169 4454 (52.)
2352 4392 2417 4438 19
2465 4386 2563 4454 qui
2604 4386 2717 4450 M1,
2770 4386 2900 4453 quis

609 4471 677 4521 M
683 4467 848 4533 '‘A''T,
889 4468 1084 4531 Quiuis
1109 4470 1159 4523 G
1296 4473 1364 4520 ‘20
1393 4470 1511 4520 tum
1541 4472 1586 4520 Τ
1611 4469 1734 4535 (uix
1758 4470 1932 4534 rec-te),
1970 4470 2087 4518 tam
2116 4469 2182 4519 M
2187 4466 2334 4525 GX‘,
2372 4467 2486 4519 iam
2508 4484 2541 4524 ς
2570 4467 2658 4531 (ef.
2685 4466 2789 4518 Vit.
2808 4470 2899 4533 14)

603 4554 669 4600 ⁴21
711 4547 820 4600 nisi
858 4547 993 4619 (si)
1025 4550 1198 4602 I’olalc
1343 4554 1409 4600 22
1447 4548 1564 4619 uel]
1605 4550 1705 4599 aut
1745 4548 1795 4599 G
1942 4552 2008 4598 30
2047 4550 2101 4599 et
2142 4563 2241 4599 om.
2277 4548 2325 4597 V
