3259 5209
650 415 786 481 352
1350 416 1408 473 G.
1448 415 1762 473 SVETONJ
1801 416 2246 482 TRANQVILLI

650 579 1018 644 minibusue
1072 581 1410 645 noscendis
1466 602 1728 665 operam
1794 579 1993 645 ullam
2050 585 2162 645 aut
2218 579 2370 645 stilo
2427 580 2534 644 uel
2587 579 2954 644 necessario

650 685 846 750 dedit.
936 693 1189 770 praeter
1256 689 1756 752 commentarios
1825 692 1890 752 et
1951 692 2096 753 acta
2155 687 2372 752 Tiberi
2434 685 2725 752 Caesaris
2787 685 2956 752 nihil

652 792 1010 878 lectitabat3
1072 794 1383 878 epistulas
1442 795 1900 878 orationesque
1961 799 2026 859 et
2085 795 2296 860 edicta
2355 793 2564 858 alieno
2625 793 2959 858 formabat

651 900 930 986 ingenio.
1022 902 1337 966 sermonis
1382 905 1594 966 tamen
1645 923 1764 966 nec
1809 901 2212 989 inelegantis,
2258 901 2579 966 dictorum
2625 898 2956 965 interdum

651 1007 846 1070 etiam
914 1006 1331 1072 notabilium:
1398 1008 1708 1092 uellem,
1768 1007 2010 1092 inquit,
2082 1012 2232 1072 tam
2304 1007 2692 1072 formosus
2755 1027 2956 1089 esse,
3015 1030 3040 1070 ι

654 1135 875 1196 quam
923 1113 1257 1179 Maecius
1306 1114 1459 1178 sibi
1504 1115 1843 1200 uidetur3
1899 1119 1962 1180 et
2019 1115 2352 1180 cuiusdam
2401 1119 2594 1198 caput
2638 1114 2958 1178 uarietate

652 1220 869 1303 capilli
943 1220 1337 1286 subrutilum
1410 1225 1474 1286 et
1546 1222 1848 1286 incanum
1920 1223 2310 1305 perfusam
2382 1223 2640 1286 niuem
2703 1221 2957 1285 mulso

540 1322 632 1390 21
652 1327 833 1392 dixit.
917 1327 1444 1393 condicionem
1483 1328 1920 1413 principum
1961 1330 2472 1394 miserrimam
2509 1328 2742 1408 aiebat,
2789 1328 2960 1410 qui-

653 1433 793 1498 bus
857 1434 943 1498 de
1014 1436 1550 1499 coniuratione
1618 1439 2005 1519 comperta
2069 1456 2218 1499 non
2291 1434 2738 1500 crederetur
2800 1435 2961 1498 nisi

655 1542 951 1605 occisis.
2993 1565 3046 1605 ιο

832 1645 1144 1724 Quotiens
1194 1649 1399 1713 otium
1446 1653 1632 1732 esset,
1679 1648 1819 1714 alea
1865 1669 1933 1714 se
1981 1649 2366 1734 oblectabat,
2413 1651 2609 1713 etiam
2645 1647 2963 1733 profestis

654 1753 877 1819 diebus
932 1755 1401 1838 matutinisque
1456 1754 1663 1840 horis,
1724 1777 1796 1820 ac
1849 1755 2112 1820 lauabat
2168 1756 2246 1820 de
2301 1757 2406 1820 die
2471 1755 2963 1840 prandebatque

654 1861 737 1924 ad
782 1861 1163 1940 satietatem,
1209 1866 1284 1925 ut
1327 1884 1455 1926 non
1504 1867 1742 1927 temere
1779 1885 1980 1947 snper
2025 1884 2247 1930 cenam
2294 1867 2548 1947 praeter
2593 1861 2964 1931 Matianum

654 1967 895 2034 malum
960 1973 1025 2033 et
1082 1968 1399 2033 modicam
1466 1971 1532 2033 in
1589 1969 1875 2054 ampulla
1929 1970 2375 2053 potiunculam
2433 1974 2730 2034 sumeret.
2805 1991 2962 2034 con-

654 2074 1000 2138 uiuabatur
1046 2075 1413 2159 frequenter
1468 2097 1540 2140 ac
1594 2075 1792 2162 large,
1847 2076 1959 2140 sed
2011 2099 2210 2161 paene
2266 2077 2532 2161 raptim3
2596 2081 2766 2140 certe
2819 2097 2961 2141 non
2992 2098 3042 2138 ιε

658 2179 829 2244 ultra
868 2179 1024 2245 solis
1064 2203 1361 2246 occasum
1398 2205 1517 2248 nec
1552 2186 1628 2247 ut
1663 2187 1891 2266 postea
1930 2184 2365 2248 comisaretur.
2441 2205 2593 2247 nam
2621 2181 2700 2246 ad
2727 2181 2962 2247 horam

659 2287 871 2352 somni
914 2288 1082 2352 nihil
1126 2290 1301 2353 aliud
1348 2311 1539 2372 quam
1588 2289 1767 2354 solus
1815 2294 2058 2355 secreto
2108 2289 2577 2355 deambulabat.

541 2389 641 2455 22
833 2394 1151 2460 Libidinis
1180 2397 1432 2478 nimiae,
1462 2397 1900 2466 assiduitatem
1931 2395 2314 2462 concubitus
2344 2398 2524 2461 uelut
2554 2398 2962 2460 exercitatio-

654 2502 755 2564 nis
802 2522 1003 2586 genus
1044 2501 1484 2586 clinopalen
1522 2503 1822 2586 uocabat3
1870 2507 2137 2586 eratque
2182 2502 2373 2586 fama,
2423 2504 2607 2587 quasi
2655 2504 2962 2568 concubi-

800 2734 832 2782 8
883 2729 1030 2784 Vale.
1075 2731 1272 2785 Gallio.
1320 2732 1443 2786 uita
1483 2732 1668 2786 Auiola·
1714 2731 1872 2787 Cassi
1912 2737 1968 2798 2,
1999 2737 2034 2786 5
2081 2733 2188 2786 scis
2235 2733 2386 2786 enim
2432 2732 2582 2802 ipse,
2628 2733 2767 2801 quid
2814 2750 2962 2786 anus

655 2811 785 2863 tuus
822 2809 1139 2864 Hadrianus
1180 2811 1407 2864 dixerit:
1459 2812 1686 2865 ‘misera
1723 2812 1977 2866 condicio
2023 2813 2450 2882 imperatorum,
2489 2813 2691 2882 quibus
2739 2813 2809 2865 de
2857 2813 2962 2866 ad-

656 2889 808 2944 fecta
856 2891 1153 2958 tyrannide
1200 2891 1311 2945 nisi
1358 2892 1555 2946 occisis
1594 2909 1705 2946 non
1745 2894 1934 2961 potest
1979 2893 2170 2946 credi.’
2240 2893 2357 2946 eins
2405 2894 2594 2946 autem
2637 2893 2961 2962 exemplum

655 2986 863 3038 ponere
912 2970 1173 3043 (malui)
1229 2989 1398 3040 quam
1444 2971 1781 3038 Domitiani,
1827 2974 1926 3040 qui
1980 2971 2086 3026 hoc
2141 2973 2353 3042 primus
2399 2973 2606 3027 dixisse
2653 2972 2847 3026 fertur.

661 3055 727 3104 18
769 3052 949 3106 Victor
979 3052 1128 3106 Caes.
1149 3057 1236 3116 11,
1257 3057 1290 3106 5
1338 3068 1655 3105 muscarum
1701 3053 1930 3122 agmina
1964 3052 2406 3122 persequebatur
2453 3057 2526 3120 (u.
2565 3055 2641 3108 ad
2679 3054 2844 3108 Dom.
2882 3058 2960 3122 3),

656 3133 956 3200 postquam
1003 3131 1075 3184 ad
1123 3131 1417 3185 libidinem
1472 3133 1657 3185 minus
1704 3132 1909 3186 uirium
1957 3135 2102 3197 erat,
2156 3134 2312 3186 cuius
2358 3132 2585 3187 foedum
2628 3133 2962 3186 exercitium

651 3210 996 3265 Graecorum
1055 3210 1251 3281 lingua
1306 3211 1646 3280 κλινοπάλην
1697 3212 1954 3267 uocabat.
2043 3213 2198 3281 Epit.
2243 3218 2332 3279 11,
2363 3218 2396 3266 7
2455 3212 2644 3267 furens
2699 3212 2961 3277 libidine,

658 3291 816 3345 cuius
852 3289 1079 3344 foedum
1108 3293 1432 3345 exercitium
1463 3291 1800 3347 Graecorum
1828 3293 2026 3363 lingua
2061 3291 2403 3361 κλινοπάλην
2433 3292 2772 3362 (clinopalen
2803 3295 2961 3348 Lan-

651 3372 861 3440 dolfus)
879 3371 1138 3425 uocabat.
1196 3373 1265 3438 cf.
1291 3375 1465 3427 Mart.
1489 3373 1590 3426 XI
1598 3375 1768 3428 V201
1789 3373 1890 3442 τὴν
1911 3373 2361 3440 ἐπικλινοπάλην.
2441 3375 2622 3428 Victor
2641 3375 2792 3428 Caes.
2815 3379 2902 3439 11,
2921 3379 2963 3427 2

659 3531 799 3600 quid
836 3531 1073 3601 cogitari
1109 3535 1297 3600 potest
1332 3532 1483 3586 fecit.

806 3753 833 3798 1
875 3745 1274 3814 cognoscendis
1306 3751 1367 3801 Π
1542 3752 1572 3800 3
1612 3747 1796 3801 alieno
1836 3765 1868 3806 ς
1909 3747 2046 3815 (edd.
2070 3765 2158 3816 pr.
2191 3748 2348 3802 Rom.
2380 3749 2454 3802 II
2492 3747 2619 3801 Ven.
2650 3749 2729 3814 I),
2771 3745 2960 3801 alfeno

662 3824 842 3895 (alph-
871 3826 922 3890 ὃ,
961 3828 1024 3879 in
1054 3830 1114 3879 H
1136 3829 1198 3880 in
1224 3830 1355 3894 ras.)
1389 3828 1463 3881 M
1465 3828 1622 3892 Gra,
1661 3827 1845 3881 alieno
1875 3827 2061 3881 alfeno
2091 3829 2213 3893 LP,
2243 3827 2427 3880 alieno
2459 3827 2630 3881 alfeto
2660 3828 2742 3890 8¹,
2774 3827 2959 3882 alieno

651 3904 909 3959 ,alfabeto
940 3905 1121 3975 (alph-
1155 3906 1281 3976 OT)
1310 3907 1515 3966 S’OTg
1724 3914 1756 3960 4
1795 3910 1853 3961 et
1888 3907 2164 3962 dictorum
2201 3907 2304 3960 int.
2343 3910 2457 3961 not.
2497 3909 2574 3973 N,
2613 3910 2672 3961 et
2707 3910 2964 3964 uoluerat

663 3987 822 4041 etiam
880 3986 929 4038 Τ
924 4002 1059 4051 orn,
1116 3987 1373 4042 lacunam
1420 3994 1547 4056 post
1600 3988 1938 4057 inelegantis
1993 3988 2202 4042 subesse
2256 3993 2400 4056 (nec
2442 4029 2454 4041 .
2487 4029 2499 4041 .
2535 3991 2590 4056 .>
2645 3990 2962 4056 suspicatur

660 4068 711 4119 Ι.
744 4067 826 4120 W.
850 4065 1107 4134 Fauna,
1146 4075 1273 4136 post
1310 4070 1499 4120 tamen
1538 4069 1805 4122 Biichcler
1840 4069 2176 4123 intercidisse
2213 4076 2371 4122 ratus
2405 4069 2548 4122 talia
2585 4068 2732 4140 <nec
2769 4067 2959 4122 indili-

651 4145 889 4217 gentis>
920 4163 1021 4199 nec
1229 4155 1260 4200 5
1299 4147 1574 4201 nobilium
1608 4149 1659 4202 G
1866 4153 1898 4200 6
1935 4149 2174 4202 maetius
2203 4165 2338 4203 corr.
2373 4165 2440 4202 ex
2467 4149 2712 4202 maecius
2749 4155 2813 4202 ut
2839 4149 2960 4202 uid.

664 4227 751 4293 M,
778 4226 989 4280 mecius
1023 4227 1089 4292 G,
1129 4227 1332 4280 metius
1358 4229 1454 4282 rel.
1611 4233 1640 4280 7
1669 4227 2015 4282 subrutillim
2048 4231 2118 4282 M
2251 4231 2309 4281 et
2337 4244 2538 4281 canum
2563 4231 2622 4281 X
2751 4232 2782 4280 8
2812 4228 2960 4300 (et)

664 4307 1048 4360 condicionem
1074 4308 1219 4362 Roth
1361 4313 1427 4360 13
1465 4307 1807 4362 martianum
1843 4313 1900 4362 Χ
1924 4311 2056 4376 (non
2092 4309 2162 4377 Τ)
2293 4314 2359 4361 14
2396 4307 2620 4362 modica
2648 4310 2770 4376 (om.
2799 4307 2880 4376 in)
2919 4309 2970 4362 T

662 4386 887 4440 modica
916 4387 1145 4456 Lipsius
1324 4387 1632 4457 ampullam
1661 4392 1752 4447 Πς
1934 4389 2095 4442 daret
2131 4395 2182 4444 et
2214 4405 2283 4443 ss.
2315 4391 2403 4458 (m.
2433 4391 2490 4456 2)
2531 4387 2596 4441 ai*
2633 4392 2876 4442 sumeret
2907 4393 2966 4442 H

667 4473 729 4521 1¹2
772 4469 982 4521 secreto
1013 4467 1161 4521 solus
1192 4485 1261 4534 ρς
1373 4473 1437 4521 19
1469 4467 1806 4538 clinopalem
1837 4471 1945 4538 (uel
1962 4468 2059 4535 -Ιὲ,
2090 4469 2181 4537 cly
2208 4472 2288 4534 -δ)
2312 4469 2540 4534 ΜΧΤὸ,
2573 4467 2764 4538 palam
2789 4469 2840 4523 G
2870 4469 2958 4536 (cf.

654 4549 972 4602 testimonia
1008 4551 1199 4617 supra)
