3259 5209
972 446 1188 501 DIVVS
1226 446 1607 502 AVGVSTVS
1647 458 1776 507 [cu.
1810 459 1984 507 ‘zo—⁷2]
2539 444 2626 509 95

326 611 650 676 uitiandas
712 612 997 697 uirgines
1062 613 1455 696 promptior,
1521 632 1684 695 quae
1749 611 1874 675 sibi
1939 610 2222 694 undique
2285 610 2476 673 etiam
2545 608 2624 673 ab

327 740 527 783 uxore
592 720 1135 802 conquirerentur.
1235 720 1407 782 aleae
1470 739 1792 781 rumorem
1860 718 2040 782 nullo
2103 718 2296 783 modo
2363 718 2626 801 expauit

327 826 612 910 lusitque
658 826 1041 911 simpliciter
1086 830 1150 889 et
1194 824 1409 909 palam
1457 824 1912 890 oblectamenti
1963 845 2154 890 causa
2199 825 2390 887 etiam
2431 846 2624 888 senex

324 955 399 997 ac
455 938 901 1017 praeterquam
949 932 1289 998 Decembri
1346 953 1564 996 mense
1629 932 1773 996 aliis
1831 952 2087 1015 quoque
2144 930 2326 995 festis
2373 936 2438 994 et
2483 951 2624 1013 pro-

268 1068 293 1105 5
324 1040 509 1104 festis
558 1040 803 1105 diebus.
885 1060 1003 1103 nec
1058 1039 1122 1101 id
1180 1038 1445 1103 dubium
1503 1044 1616 1103 est.
1701 1037 2103 1123 autographa
2162 1037 2435 1121 quadam
2492 1038 2626 1121 epi·
2664 1051 2695 1099 2

327 1148 521 1211 stula:
578 1148 875 1229 cenaui,
931 1148 1047 1231 ait,
1104 1146 1201 1210 mi
1247 1145 1535 1228 Tiberi,
1592 1166 1756 1209 cum
1812 1146 2078 1229 isdem3
2133 1148 2626 1209 accesserunt

324 1255 701 1317 conuiuae
738 1252 1095 1318 Vinicius
1142 1257 1217 1317 et
1265 1250 1505 1317 Silius
1558 1256 1794 1336 pater.
1879 1250 2084 1316 inter
2129 1272 2390 1315 cenam
2437 1250 2626 1314 lusi-

326 1382 489 1423 mus
536 1362 981 1447 geronticos
1029 1364 1102 1425 et
1146 1360 1317 1423 heri
1363 1364 1437 1424 et
1490 1358 1749 1443 hodie3
1804 1359 1987 1423 talis
2035 1360 2233 1423 enim
2281 1358 2625 1440 iactatis,

324 1471 404 1531 ut
452 1469 779 1551 quisque
825 1488 1079 1532 canem
1130 1471 1259 1531 aut
1305 1466 1698 1530 senionem
1749 1466 2090 1547 miserat,
2147 1466 2220 1528 in
2271 1465 2624 1551 singulos

238 1601 293 1640 ιο
322 1575 525 1638 talos
574 1576 924 1660 singulos
982 1574 1335 1639 denarios
1393 1573 1471 1636 in
1516 1573 1842 1638 medium
1903 1571 2378 1655 conferebat,
2433 1594 2622 1655 quos

322 1680 659 1745 tollebat
724 1682 1160 1763 uniuersos,
1234 1680 1366 1763 qui
1430 1678 1800 1745 Venerem
1867 1680 2170 1742 iecerat.
2273 1684 2337 1743 et
2399 1700 2620 1743 rursus
2661 1690 2692 1737 3

322 1788 465 1852 aliis
503 1788 764 1852 litteris:
810 1809 976 1869 nost,
1024 1788 1121 1851 mi
1158 1784 1447 1868 Tiberi,
1491 1786 2024 1869 Quinquatrus
2063 1786 2256 1849 satis
2295 1785 2622 1850 iucunde

320 1896 645 1979 egimus3
690 1894 1013 1959 lusimus
1062 1895 1257 1959 enim
1307 1916 1439 1977 per
1484 1896 1732 1957 omnis
1781 1893 1942 1956 dies
1981 1894 2384 1977 forumque
2421 1893 2622 1956 alea-

320 2006 568 2064 torum
647 2002 1114 2067 calfecimus.
1213 2001 1457 2065 frater
1528 2004 1706 2064 tuus
1781 2001 2078 2085 magnis
2151 1999 2620 2065 clamoribus

238 2130 471 2173 1510111
520 2109 795 2195 gessit3
853 2109 942 2173 ad
980 2130 1340 2172 summam
1387 2112 1640 2171 tamen
1687 2106 2029 2191 perdidit
2075 2128 2224 2169 non
2271 2107 2620 2187 multum,

323 2216 451 2279 sed
496 2237 586 2278 ex
632 2215 928 2299 magnis
978 2214 1467 2279 detrimentis
1505 2218 1815 2297 praeter
1851 2234 2056 2297 spem
2097 2213 2470 2296 paulatim
2507 2235 2620 2279 re-

317 2328 647 2387 tractum
700 2325 829 2386 est.
914 2342 1051 2407 ego
1101 2321 1403 2404 perdidi
1450 2322 1740 2405 uiginti
1779 2318 1994 2383 milia
2039 2341 2416 2383 nummum
2459 2342 2619 2384 meo

318 2431 650 2511 nomine,
707 2430 839 2493 sed
884 2450 1046 2495 cum
1098 2418 1345 2492 effu'se
1391 2428 1469 2491 in
1514 2430 1688 2491 lusu
1733 2426 2088 2492 liberalis
2135 2426 2479 2509 fuissem,
2537 2430 2618 2489 ut

320 2537 530 2601 soleo
580 2536 1046 2620 plerumque.
1130 2557 1297 2599 nam
1355 2536 1419 2597 si
1476 2557 1662 2618 quas
1717 2556 1980 2597 manus
2031 2534 2296 2597 remisi
2343 2534 2618 2615 cuique

233 2667 289 2706 2⁰
318 2645 741 2729 exegissem
800 2646 929 2707 aut
994 2642 1487 2707 retinuissem
1555 2641 1759 2725 quod
1815 2641 2088 2723 cuique
2147 2639 2450 2723 donaui,
2507 2640 2618 2703 ui-

320 2752 593 2815 cissem
654 2752 775 2815 uel
833 2750 1401 2835 quinquaginta
1444 2749 1680 2813 milia.
1763 2748 1892 2811 sed
1937 2748 2078 2811 hoc
2125 2747 2352 2829 malo3
2407 2746 2618 2811 beni-

315 2858 577 2941 gnitas
642 2859 837 2921 enim
904 2880 1063 2921 mea
1128 2878 1239 2920 me
1307 2857 1395 2921 ad
1460 2856 1867 2919 caelestem
1934 2854 2260 2937 gloriam
2323 2854 2614 2917 efferet.

314 2963 543 3026 scribit
589 2963 667 3027 ad
715 2965 941 3028 filiam:
998 2964 1169 3027 misi
1220 2963 1367 3027 tibi
1416 2963 1776 3027 denarios
1824 2962 2194 3025 ducentos
2243 2960 2616 3044 quinqua·
2653 2980 2684 3023 4

314 3070 559 3155 ginta,
608 3092 795 3154 quos
844 3072 1177 3156 singulis
1226 3070 1579 3134 conuiuis
1629 3070 2005 3150 dederam,
2053 3068 2118 3131 si
2165 3067 2459 3131 uellent
2505 3068 2615 3129 in-

230 3200 285 3239 25
314 3180 433 3240 ter
479 3199 555 3241 se
602 3178 806 3241 inter
853 3199 1107 3243 cenam
1154 3179 1279 3242 uel
1324 3178 1509 3241 talis
1555 3178 1680 3241 uel
1727 3199 1861 3260 par
1907 3176 2152 3258 impar
2198 3174 2476 3237 ludere.

492 3282 571 3347 In
635 3285 862 3349 ceteris
925 3285 1217 3368 partibus
1288 3285 1461 3349 uitae
1534 3284 2155 3347 continentissimum
2222 3286 2474 3345 constat
2537 3301 2612 3344 ac
2635 3279 2721 3345 72

314 3389 455 3453 sine
502 3392 865 3474 suspicione
911 3392 1106 3455 ullius
1154 3391 1316 3455 uitii.
1400 3391 1722 3455 habitauit
1769 3391 1978 3473 primo
2029 3389 2208 3453 iuxta
2248 3387 2608 3451 Romanum

545 3544 741 3551 —-—---—

458 3644 489 3689 ‘2
530 3638 683 3707 Epit.
717 3644 767 3701 1,
794 3642 865 3691 21
907 3638 1349 3690 studiosissimus
1389 3636 1546 3691 aleae
1586 3636 1752 3690 lusor.
1901 3642 1968 3688 :26
2007 3653 2059 3689 u.
2099 3636 2174 3689 ad
2209 3652 2264 3702 p.
2295 3638 2483 3694 &aas

464 3870 489 3914 1
530 3860 759 3931 pronior
785 3862 1019 3931 Bentley
1146 3868 1177 3913 4
1218 3859 1361 3912 alias
1396 3860 1588 3913 Modd.
1721 3866 1753 3913 ὅ
1797 3859 1856 3911 id
1895 3875 1996 3912 om.
2029 3861 2084 3910 X
2117 3860 2205 3925 (ne
2245 3856 2334 3910 cui
2375 3856 2611 3909 dubium

312 3942 391 3995 sit
418 3941 709 4007 Iernstedt)
819 3944 919 3993 aut
945 3941 1228 4009 tygrapha
1252 3941 1302 3994 G
1412 3946 1443 3993 8
1473 3948 1803 4009 γεροντικῶς
1829 3940 2000 4009 ααῖ9.,
2031 3936 2285 3991 seniliter
2310 3954 2377 3991 38.
2402 3939 2462 3989 in
2495 3938 2546 3989 V

312 4022 467 4075 enim
496 4038 595 4075 om.
626 4021 671 4073 V
816 4018 847 4073 9
878 4037 1014 4074 cane
1040 4022 1089 4074 G
1235 4021 1356 4091 aut]
1392 4021 1465 4073 ad
1496 4021 1900 4087 LMarquarclt
2057 4023 2121 4069 10
2161 4016 2410 4085 singulos
2440 4034 2539 4071 om.
2567 4018 2618 4071 V

316 4107 381 4154 12
422 4100 801 4168 quinquatriis
844 4100 1029 4154 GX‘T
1164 4106 1227 4153 13
1268 4100 1600 4153 aleatorium
1639 4100 1756 4152 edd.
1795 4106 1916 4167 post
1952 4098 2278 4153 Sabellicum
2423 4101 2485 4147 16
2524 4112 2608 4148 re-

310 4184 621 4246 tractatum
653 4183 738 4245 M,
774 4182 1049 4234 retractus
1088 4182 1169 4249 (at
1196 4181 1255 4233 in
1288 4180 1338 4233 L
1378 4198 1467 4232 -us
1505 4182 1563 4232 in
1599 4184 1734 4247 rae.)
1765 4182 1822 4231 X
1851 4185 1900 4231 et
1936 4179 2052 4231 edd.
2205 4183 2268 4229 18
2308 4174 2528 4228 liberali
2559 4180 2618 4227 X

314 4268 381 4316 18
420 4264 486 4313 ut
523 4260 675 4315 soleo
700 4261 1135 4314 —retinuissem
1165 4279 1265 4313 om.
1291 4261 1341 4314 G
1496 4267 1561 4312 23
1592 4260 1738 4331 (et)
1770 4259 1965 4311 scribit
1995 4258 2258 4311 Rt‘icheler
2412 4255 2610 4307 scribit

312 4343 387 4396 ad
426 4341 601 4394 filiam
637 4358 739 4397 om.
776 4344 846 4405 T,
882 4343 1007 4395 item
1032 4342 1147 4395 GV
1176 4342 1274 4394 ubi
1308 4342 1549 4409 spatium
1586 4357 1824 4393 uacuum
1863 4340 2105 4392 relictum
2144 4344 2220 4391 est
2364 4342 2430 4387 24
2470 4338 2610 4403 quot

312 4423 547 4491 Lipsius
691 4422 967 4475 conuiuiis
1004 4424 1065 4473 Π
1078 4422 1175 4490 QS
1186 4422 1235 4475 T
1374 4420 1522 4473 inter
1560 4437 1617 4473 se
1657 4422 1756 4472 del.
1805 4422 1954 4472 Torr.
2104 4424 2168 4469 25
2210 4432 2375 4484 super
2412 4431 2609 4467 cenam

314 4504 547 4572 Bentley
670 4506 737 4554 26
774 4501 948 4555 fuisse
986 4508 1113 4555 ante
1150 4502 1372 4554 const-at
1408 4501 1535 4553 add.
1571 4500 1801 4553 11122ST
1825 4501 1985 4567 (edd.)
2115 4502 2178 4549 27
2219 4498 2461 4565 primum
2485 4496 2534 4548 G

312 4585 511 4637 roman
544 4584 605 4647 V,
638 4596 999 4636 romanorum
1036 4585 1102 4647 X,
1141 4582 1238 4635 del.
1278 4584 1428 4634 Torr.
