3259 5209
607 411 737 476 338
1302 410 1361 465 C.
1400 409 1716 465 svamm
1752 394 2198 475 TRANQ'VILLI

609 573 993 639 Flauialium
1056 576 1196 658 pari
1250 574 1509 658 habitu,
1561 575 1688 638 nisi
1746 573 1919 657 quod
1974 573 2238 638 illorum
2284 574 2539 639 coronis
2588 573 2793 637 inerat
2839 578 2908 637 et

608 681 811 764 ipsius
859 681 1091 766 imago·
1176 681 1539 746 celebrabat
1584 684 1649 745 et
1695 680 1762 744 in
1801 679 2056 745 Albano
2094 681 2438 764 quotannis
2479 678 2908 764 Quinquatria

606 787 953 871 Mineruae,
1000 790 1105 853 cui
1152 789 1495 874 collegium
1545 787 1928 871 instituerat,
1975 809 2054 850 ex
2101 809 2229 871 quo
2277 792 2449 852 sorte
2488 787 2666 853 ducti
2703 787 2909 873 magi-

607 895 805 959 sterio
851 896 1276 981 fungerentur
1320 895 1708 978 ederentque
1753 895 2020 959 eximias
2059 894 2436 958 uenationes
2473 897 2536 957 et
2575 895 2904 958 scaenicos

604 1001 791 1066 ludos
838 1023 1157 1085 superque
1204 1004 1529 1066 oratorum
1577 1022 1653 1065 ac
1697 1007 2032 1086 poetarum
2080 1001 2444 1066 certamina.
2967 1025 3002 1066 s

537 1125 567 1172 5
790 1107 1209 1194 Congiarium
1258 1109 1499 1193 populo
1547 1130 1958 1173 nummorum
2007 1113 2408 1172 trecenorum
2457 1111 2556 1172 ter
2593 1107 2770 1172 dedit
2815 1113 2908 1171 at-

608 1237 731 1300 que
763 1217 932 1280 inter
967 1214 1332 1300 spectacula
1357 1215 1640 1280 muneris
1667 1213 2101 1299 largissimum
2135 1214 2395 1299 epulum
2427 1213 2908 1298 Septimontiali

604 1325 970 1388 †sacrorum
1010 1323 1266 1406 quidem
1304 1323 1556 1386 senatui
1593 1323 1926 1406 equitique
1961 1322 2264 1406 panariis,
2314 1321 2530 1405 plebei
2575 1319 2906 1406 sportellis

604 1451 748 1494 cum
796 1430 1065 1494 obsonio
1115 1429 1476 1493 distributis
1524 1429 1780 1493 initium
1829 1429 2129 1493 uescendi
2165 1430 2408 1513 primus
2445 1429 2626 1511 fecit3
2674 1429 2908 1512 dieque

604 1535 902 1620 proximo
936 1555 1183 1601 'omne
1222 1559 1425 1622 genus
1489 1557 1704 1600 rerum
1771 1536 2042 1599 missilia
2105 1535 2362 1620 sparsit,
2427 1541 2492 1598 et
2547 1535 2700 1619 quia
2754 1557 2906 1619 pars
2939 1559 3000 1598 ιο

604 1643 811 1707 maior
858 1645 1025 1707 intra
1070 1641 1407 1728 popularia
1454 1641 1790 1726 deciderat,
1837 1643 2322 1728 quinquagenas
2360 1647 2632 1706 tesseras
2661 1643 2738 1728 *in
2777 1641 2906 1704 sin-

605 1750 793 1834 gulos
843 1771 1078 1815 cuneos
1126 1751 1438 1834 equestris
1486 1772 1558 1814 ac
1606 1748 1914 1814 senatorii
1959 1749 2204 1814 ordinis
2249 1749 2712 1833 pronuntiauit.

532 1853 574 1920 ὅ
785 1856 1071 1921 Plurima
1118 1861 1180 1920 et
1228 1857 1621 1940 amplissima
1659 1878 1852 1941 opera
1890 1856 2183 1920 incendio
2223 1856 2564 1939 absumpta
2598 1855 2905 1936 restituit,

602 1964 672 2028 in
730 1965 877 2047 quis
934 1969 998 2028 et
1056 1962 1467 2047 Capitolium,
1526 1963 1696 2048 quod
1753 1985 1976 2028 rursus
2033 1967 2302 2048 arserat3
2358 1963 2467 2028 sed
2516 1959 2732 2027 omnia
2779 1961 2904 2026 sub

602 2070 794 2134 titulo
844 2075 1095 2135 tantum
1143 2093 1259 2135 suo
1307 2092 1383 2135 ac
1427 2071 1564 2135 sine
1602 2069 1736 2135 ulla
1774 2071 2034 2154 pristini
2075 2071 2355 2134 auctoris
2385 2071 2706 2136 memoria.
2789 2091 2904 2133 no·
2939 2093 2997 2132 ιι

602 2200 750 2241 uam
806 2182 1019 2241 autem
1074 2179 1381 2242 excitauit
1436 2176 1655 2241 aedem
1709 2177 1777 2240 in
1825 2175 2146 2261 Capitolio
2196 2173 2462 2240 Custodi
2508 2175 2653 2241 Ioui
2698 2181 2762 2240 et
2805 2177 2901 2240 fo-

600 2307 744 2348 rum
796 2283 966 2368 quod
1012 2306 1183 2349 nunc
1228 2282 1484 2347 Neruae
1531 2287 1819 2367 uocatur,
1878 2285 2031 2347 item
2078 2282 2342 2347 Flauiae
2388 2283 2701 2367 templum
2752 2304 2899 2368 gen·

602 2392 686 2456 tis
746 2396 810 2455 et
866 2391 1142 2454 stadium
1188 2395 1255 2455 et
1311 2391 1528 2455 odium
1585 2394 1651 2454 et
1695 2389 2172 2474 naumachiam,
2233 2410 2266 2453 e
2314 2391 2495 2454 cuius
2541 2393 2768 2474 postea
2812 2389 2903 2453 lae

601 2497 749 2582 pide
794 2499 1112 2561 maximus
1161 2498 1367 2562 circus
1415 2496 1657 2561 deustis
1706 2498 2029 2579 utrimque
2067 2497 2374 2562 lateribus
2413 2500 2748 2561 extructus
2785 2501 2898 2560 est.

528 2601 573 2665 6
782 2603 1243 2688 Expeditiones
1299 2603 1534 2686 partim
1596 2607 1829 2686 sponte
1877 2605 2174 2687 suscepit,
2229 2604 2465 2687 partim
2513 2605 2899 2668 necessario:
2930 2627 2989 2666 to

743 2785 808 2834 13
836 2780 1073 2850 Eutrop.
1107 2781 1226 2834 VII
1246 2783 1337 2844 23,
1359 2783 1393 2833 5
1422 2778 1632 2833 Romae
1661 2795 1883 2846 quoque
1922 2777 2104 2832 multa
2139 2794 2312 2848 opera
2347 2779 2502 2845 fecit,
2530 2779 2589 2833 in
2617 2778 2705 2833 his
2735 2778 2900 2848 Capi-

596 2860 798 2914 tolium
836 2862 895 2914 et
930 2860 1133 2913 Forum
1170 2857 1586 2923 transitorium,
1632 2857 1904 2912 Diuorum
1950 2859 2227 2927 porticus,
2273 2859 2446 2912 Isium
2492 2875 2560 2913 ac
2607 2858 2900 2928 Serapium

597 2943 655 2994 et
684 2941 940 2994 Stadium
969 2939 1148 3009 (Hier.
1177 2941 1358 2993 chron.
1398 2957 1449 2992 a.
1479 2943 1625 2993 2105
1664 2941 1733 3005 cf.
1769 2940 1964 2993 (aaron.
1994 2957 2046 2992 α.
2078 2943 2271 3008 354-12.
2304 2941 2448 3008 147).
2535 2941 2718 2994 Victor
2748 2941 2898 2995 Caes.

599 3027 684 3087 11,
714 3026 747 3074 4
782 3019 1073 3089 multaque
1120 3035 1350 3088 operum
1396 3018 1662 3072 inchoata
1707 3035 1808 3087 per
1859 3021 2080 3087 patrem
2127 3017 2218 3073 uel
2255 3018 2445 3073 fratris
2492 3019 2680 3073 studio
2727 3021 2899 3088 atque

599 3101 858 3171 inprimis
905 3099 1246 3169 Capitolium
1298 3097 1558 3156 absoluit.
1642 3100 1797 3168 Epit.
1829 3104 1915 3166 11,
1946 3103 1980 3152 3
2017 3099 2229 3153 Romae
2275 3099 2458 3154 multa
2503 3099 2760 3153 aedificia
2803 3099 2898 3153 uel

598 3183 797 3251 coepta
832 3179 927 3235 uel
956 3196 990 3232 a
1016 3179 1400 3233 fundamentis
1440 3179 1766 3233 construxit.
1832 3180 1900 3245 ef.
1937 3179 2073 3234 Oros
2111 3180 2234 3233 VII
2254 3185 2341 3247 10,
2368 3183 2408 3232 2
2443 3179 2714 3248 plurima·
2742 3179 2898 3233 urbis

596 3261 763 3314 aedes
802 3261 1100 3315 destructis
1137 3258 1337 3328 populi
1373 3259 1611 3312 Romani
1649 3258 1815 3312 rebus
1855 3259 2116 3313 extruxit.
2262 3265 2332 3311 20
2352 3277 2472 3328 sqq.
2505 3261 2741 3330 Eutrop.
2785 3261 2910 3314 VII

593 3345 687 3407 23,
712 3345 748 3394 4
788 3340 1171 3409 expeditiones
1208 3341 1474 3407 quattuor
1510 3339 1735 3404 habuit,
1775 3355 1946 3392 unam
1983 3337 2280 3393 aduersum
2321 3339 2622 3404 Sarmatas,
2661 3340 2896 3394 alteram

598 3421 899 3474 aduersum
936 3420 1129 3476 Cattos
1169 3419 1385 3489 (cathos
1414 3438 1469 3474 u.
1500 3421 1554 3484 L,
1591 3419 1833 3482 Κάτθας
1861 3422 2111 3490 Paean),
2177 3419 2318 3472 duas
2357 3419 2658 3474 aduersum
2695 3420 2896 3474 Dacos.

597 3502 667 3555 de
717 3500 885 3554 Dacis
934 3500 1222 3568 Cattisque
1269 3498 1609 3568 (cathisque,
1657 3499 1975 3568 chattisque
2017 3519 2071 3553 u.
2111 3500 2167 3568 l.)
2216 3499 2500 3568 duplicem
2549 3499 2894 3568 triumphum

596 3581 732 3651 egit,
770 3581 840 3634 de
880 3581 1149 3633 Sarmatis
1189 3579 1364 3633 solam
1401 3579 1652 3633 lauream
1690 3581 2000 3648 usurpauit.
2074 3579 2282 3633 multas
2319 3581 2509 3633 tamen
2542 3579 2895 3634 calamitates

594 3661 774 3714 isdem
812 3659 976 3713 bellis
1023 3677 1221 3729 passus
1267 3663 1378 3728 est3
1426 3677 1558 3712 nam
1596 3661 1654 3712 in
1693 3659 1974 3714 Sarmatia
2011 3659 2160 3730 legio
2208 3660 2328 3713 eius
2376 3677 2504 3714 cum
2542 3661 2684 3715 duce
2721 3660 2892 3713 inter-

594 3740 744 3795 fecta
796 3744 905 3807 est,
956 3743 1014 3794 et
1052 3757 1086 3793 a
1123 3739 1290 3793 Dacis
1338 3738 1552 3809 Oppius
1600 3739 1838 3793 Sabinus
1891 3740 2198 3794 consularis
2249 3743 2308 3794 et
2344 3739 2632 3794 Cornelius
2682 3740 2894 3794 Fuscus

739 3905 772 3952 4
808 3899 1216 3968 redderentque
1255 3900 1407 3954 codd.
1430 3908 1650 3969 praeter
1673 3901 1778 3954 M&
1925 3906 1954 3953 7
1996 3900 2302 3969 epopulum
2333 3903 2417 3967 M,
2446 3901 2719 3970 populum
2749 3903 2784 3954 ὃ

595 3979 1029 4049 septimontialis
1049 3982 1096 4032 Τ
1226 3979 1452 4048 epulum
1488 3979 1902 4048 Septimontiali
1933 3997 2112 4034 sacro:
2154 3997 2280 4034 cum
2315 3981 2542 4049 quidem
2574 3985 2621 4036 Ι.
2656 3983 2893 4036 Gronov.

586 4061 964 4131 probabiliter,
1003 4059 1419 4129 Septimontiali
1457 4077 1612 4114 sacro
1643 4060 1871 4128 quidem
1907 4062 2060 4115 Torr.
2092 4063 2145 4130 (ς
2156 4060 2224 4128 ἲ),
2262 4061 2680 4130 Septimontiali
2710 4078 2890 4114 sacro-

595 4159 717 4194 rum
747 4141 973 4210 quidem
1005 4140 1095 4194 die
1125 4141 1273 4210 uuly.
1296 4148 1424 4209 post
1450 4141 1777 4194 Sabellimcm
1808 4140 2275 4209 (Septimontiale.
2343 4141 2633 4195 Sacrorum
2664 4142 2891 4210 quidem

596 4222 687 4276 die
726 4222 1043 4288 Handius)‚
1089 4222 1193 4274 ali-i
1236 4222 1398 4274 aliter
1445 4220 1749 4289 (quondam
1783 4236 1887 4288 pro
1926 4221 2154 4288 quidem
2184 4238 2402 4290 propos.
2449 4222 2601 4277 Torr.
2642 4221 2893 4293 Bentley)

593 4308 625 4356 8
662 4302 817 4371 plebi
858 4300 1163 4370 isportellis
1197 4302 1339 4366 ΜΘ,
1374 4299 1529 4369 plebi
1566 4317 1650 4368 sp.
1681 4302 1715 4353 δ
1897 4306 1962 4353 10
2003 4300 2252 4353 massilia
2284 4303 2379 4368 M,
2425 4301 2700 4355 massillia
2739 4309 2790 4356 et
2828 4305 2894 4356 in

590 4383 765 4453 ²mar9.
803 4389 1001 4436 resecta
1040 4399 1105 4434 m.
1138 4386 1167 4434 1
1206 4379 1238 4432 ‘l
1274 4379 1597 4452 missil<ia>
1641 4381 1708 4446 G,
1755 4380 2020 4433 massalia
2057 4384 2093 4435 δ
2314 4387 2378 4436 16
2418 4382 2727 4436 custodiuit
2763 4385 2821 4436 et
2849 4385 2900 4434 Τ

597 4469 661 4516 18
701 4465 758 4514 et
795 4461 984 4514 odium
1024 4461 1141 4528 (ho-
1175 4462 1244 4519 G)
1288 4461 1472 4527 MGY,
1520 4465 1577 4514 et
1623 4460 2000 4514 exmetodium
2030 4463 2086 4512 X
2260 4477 2290 4515 e
2338 4462 2520 4533 cuius]
2569 4467 2625 4516 et
2671 4480 2805 4516 usus
2839 4465 2890 4517 G

596 4547 660 4596 19
700 4541 770 4595 de
808 4541 971 4594 iustis
1003 4540 1133 4610 11¹0
