3259 5209
984 412 1201 469 DIVVS
1238 412 1619 468 A‘VGVSTVS
1657 424 1792 474 [car.
1822 425 1999 474 45—49]
2555 410 2636 475 81

340 580 529 664 plebe
566 580 859 665 regiones
899 577 1022 642 sibi
1064 579 1369 643 reuisenti
1408 577 1577 642 filios
1613 577 1864 642 filiasue
1899 576 2349 661 approbarent,
2386 574 2642 660 singula

341 707 751 751 nummorum
799 686 979 749 milia
1022 706 1142 769 pro
1192 686 1465 769 singulis
1512 684 1856 749 diuidebat.
2539 762 2544 767 ⁷

522 792 897 857 Prouincias
952 790 1297 856 ualidiores
1353 794 1417 855 et
1476 812 1633 875 quas
1690 792 1920 857 annuis
1975 792 2470 877 magistratuum
2525 786 2744 852 ina-47

342 900 540 983 periis
595 900 733 985 regi
787 920 903 964 nec
957 899 1145 965 facile
1202 920 1319 963 nec
1364 902 1577 963 tutum
1626 901 1793 981 erat,
1847 900 1985 982 ipse
2033 900 2345 981 suscepit,
2401 900 2641 961 ceteras

284 1033 311 1073 5
342 1005 840 1091 proconsulibus
898 1006 1130 1070 sortito
1190 1006 1511 1093 permisit3
1572 1010 1637 1069 et
1693 1008 1910 1069 tamen
1963 1003 2306 1070 nonnullas
2363 1026 2644 1067 commu·

342 1113 511 1177 tauit
574 1111 897 1176 interdum
961 1116 1155 1197 atque
1220 1134 1297 1175 ex
1360 1116 1638 1196 utroque
1700 1133 1934 1198 genere
1990 1111 2329 1195 plerasque
2390 1112 2644 1194 saepius

342 1219 519 1283 adiit.
610 1218 870 1283 urbium
926 1219 1259 1303 quasdam,
1322 1217 1677 1283 foederatas
1739 1219 1853 1283 sed
1911 1218 1991 1283 ad
2053 1219 2321 1283 exitium
2379 1218 2644 1282 licentia

342 1326 745 1410 praecipiteS,
789 1326 1087 1391 libertate
1133 1327 1437 1412 priuauit,
1484 1327 1642 1389 alias
1690 1331 1802 1389 aut
1849 1346 1991 1389 aere
2037 1326 2247 1389 alieno
2289 1325 2644 1390 laborantis

341 1433 588 1497 leuauit
646 1436 757 1496 aut
818 1437 1023 1497 terrae
1085 1436 1269 1496 motu
1330 1432 1671 1497 subuersas
1732 1431 1940 1496 denuo
2005 1431 2294 1497 condidit
2349 1435 2461 1494 aut
2517 1452 2643 1495 me-

256 1566 313 1607 1⁰
344 1538 471 1603 rita
524 1560 678 1623 erga
732 1541 1045 1625 populum
1102 1539 1179 1603 R.
1225 1540 1595 1626 adlegantes
1651 1538 2004 1603 Latinitate
2061 1539 2166 1603 uel
2221 1538 2484 1603 ciuitate
2537 1536 2644 1601 do-

343 1645 542 1709 nauit.
634 1667 749 1710 nec
813 1651 937 1730 est,
1012 1650 1083 1711 ut
1149 1649 1407 1731 opinor,
1478 1647 1845 1731 prouincia,
1917 1650 2184 1730 excepta
2247 1645 2399 1710 dum
2467 1648 2645 1709 taxat

344 1751 573 1843 Africa
630 1756 693 1816 et
749 1750 1070 1835 Sardinia,
1134 1776 1327 1837 quam
1386 1776 1519 1817 non
1584 1753 1828 1817 adierit.
1923 1754 1992 1817 in
2043 1752 2160 1817 has
2215 1752 2442 1837 fugato
2501 1750 2643 1815 Sex.

344 1858 655 1944 Pompeio
717 1862 983 1925 traicere
1044 1883 1122 1925 ex
1175 1860 1396 1925 Sicilia
1449 1864 1865 1943 apparantem
1924 1860 2264 1925 continuae
2312 1862 2376 1922 et
2421 1859 2642 1921 immo-

346 1966 521 2030 dicae
584 1970 1001 2051 tempestates
1066 1967 1485 2031 inhibuerunt
1559 1990 1678 2032 nec
1743 1988 1892 2030 mox
1961 1966 2214 2032 occasio
2281 1970 2394 2029 aut
2455 1987 2646 2029 causa

262 2098 315 2139 ιε
346 2074 681 2137 traiciendi
728 2074 871 2138 fuit.

522 2177 893 2265 Regnorum
952 2179 1189 2264 quibus
1246 2181 1399 2245 belli
1455 2182 1592 2245 iure
1649 2181 1896 2263 potitus
1943 2185 2066 2261 est,
2122 2184 2376 2264 praeter
2421 2172 2741 2263 pauca,48

344 2289 457 2349 aut
516 2286 718 2350 isdem
778 2286 1013 2371 quibus
1075 2286 1399 2351 ademerat
1460 2286 1738 2351 reddidit
1798 2290 1912 2351 aut
1975 2286 2354 2371 alienigenis
2413 2286 2644 2351 contri-

344 2391 501 2456 buit.
585 2414 767 2480 reges
824 2395 1033 2458 socios
1088 2395 1281 2459 etiam
1344 2395 1511 2457 inter
1571 2397 1773 2458 semet
1825 2395 2002 2477 ipsos
2060 2393 2644 2457 necessitudinibus

344 2499 588 2561 mutuis
634 2499 869 2581 iunxit,
924 2500 1445 2585 promptissimus
1491 2499 1830 2565 affinitatis
1879 2500 2192 2584 cuiusque
2249 2504 2444 2584 atque
2489 2500 2644 2563 ami-

260 2634 317 2673 20
346 2606 534 2668 citiae
580 2607 956 2671 conciliator
1002 2611 1065 2670 et
1111 2608 1353 2691 fautor3
1413 2628 1528 2671 nec
1585 2608 1772 2671 aliter
1822 2608 2162 2672 uniuersos
2209 2629 2401 2691 quam
2449 2628 2642 2670 mem-

346 2711 461 2775 bra
507 2714 833 2796 partisque
880 2714 1133 2797 imperii
1188 2735 1375 2777 curae
1422 2713 1679 2797 habuit,
1734 2718 2051 2778 rectorem
2110 2735 2364 2797 quoque
2413 2714 2644 2778 solitus

346 2841 667 2902 apponere
726 2824 937 2885 aetate
992 2822 1211 2903 paruis
1258 2827 1372 2884 aut
1416 2826 1629 2887 mente
1677 2820 1877 2905 lapsis
1887 2872 1906 2903 ,
1955 2820 2156 2884 donec
2205 2820 2645 2885 adolescerent

345 2930 458 2989 aut
515 2926 989 3011 resipiscerent3
1049 2949 1121 2991 ac
1181 2928 1603 3012 plurimorum
1667 2928 1905 2992 liberos
1966 2932 2030 2992 et
2097 2926 2393 2991 educauit
2451 2926 2639 2990 simul

346 3053 491 3095 cum
540 3034 673 3097 suis
719 3037 785 3097 et
830 3034 1128 3098 instituit.

262 3166 317 3205 25
526 3139 625 3203 Ex
688 3140 1079 3205 militaribus
1142 3142 1345 3224 copiis
1403 3142 1690 3227 legiones
1752 3146 1816 3205 et
1887 3140 2126 3205 auxilia
2186 3140 2642 3224 prouinciatim
2656 3132 2750 3198 49

347 3245 704 3329 distribuit,
765 3245 1031 3311 classem
1091 3246 1321 3311 Miseni
1382 3251 1447 3310 et
1512 3248 1781 3311 alteram
1837 3246 2182 3311 Rauennae
2237 3246 2318 3310 ad
2373 3246 2643 3311 tutelam

348 3351 579 3437 Superi
626 3357 690 3417 et
734 3351 933 3445 Inferi
986 3355 1183 3418 maris
1240 3354 1628 3437 conlocauit,
1687 3359 1970 3419 ceterum
2015 3375 2358 3418 numerum
2403 3352 2644 3437 partim

346 3459 416 3523 in
462 3459 643 3523 urbis
694 3461 933 3544 partim
992 3461 1060 3524 in
1113 3462 1213 3525 sui
1269 3462 1626 3526 custodiam
1683 3460 1924 3548 adlegit
1973 3460 2235 3525 dimissa
2285 3460 2646 3547 Calagurri-

346 3571 647 3631 tanorum
704 3588 923 3651 manu,
986 3589 1178 3651 quam
1244 3590 1445 3652 usque
1512 3569 1591 3632 ad
1658 3568 1982 3633 deuictum
2037 3567 2423 3649 Antonium,
2487 3567 2644 3630 item

264 3699 319 3739 ω
350 3671 832 3757 Germanorum,
870 3696 1062 3757 quam
1100 3696 1303 3759 usque
1340 3674 1423 3739 ad
1449 3674 1691 3740 cladem
1721 3674 2067 3739 Varianam
2096 3674 2266 3739 inter
2295 3674 2645 3760 armigeros

350 3780 519 3844 circa
563 3800 632 3844 se
686 3779 1015 3845 habuerat.
1106 3804 1311 3866 neque
1360 3787 1576 3847 tamen
1630 3804 1936 3865 umquam
1991 3782 2209 3866 plures
2265 3802 2460 3863 quam
2514 3785 2645 3843 tres

496 4068 523 4114 1
564 4060 672 4114 sibi
710 4076 811 4115 om.
856 4062 907 4115 V
1045 4067 1074 4113 7
1112 4062 1277 4116 urbes
1311 4062 1361 4116 G
1508 4068 1538 4115 8
1570 4062 1712 4115 alias
1743 4062 1878 4130 (alia
1908 4064 1978 4131 Γ)
2017 4066 2115 4117 aut
2137 4063 2434 4116 —leuauit
2463 4079 2564 4116 om.
2601 4066 2648 4115 Τ

350 4146 381 4193 9
421 4142 543 4211 aut]
582 4144 643 4194 at
683 4144 731 4194 Τ
958 4147 1022 4195 10
1060 4142 1294 4195 lenitate
1338 4144 1387 4194 G
1621 4148 1688 4195 12
1727 4142 1951 4212 fugatos
1999 4159 2066 4195 ex
2117 4145 2190 4197 M
2200 4144 2250 4197 G
2265 4143 2450 4212 VL¹Q
2487 4145 2640 4210 (corr.

350 4221 468 4290 L³),
504 4221 704 4291 fugato
742 4223 875 4290 (-t0s
912 4222 998 4289 8¹)
1038 4225 1191 4275 sexto
1232 4223 1533 4277 HRPST
1564 4226 1644 4289 (at
1681 4223 1739 4275 in
1781 4224 1835 4275 P
1869 4224 2024 4276 sexto
2068 4224 2126 4275 in
2165 4226 2294 4289 raa.)
2443 4228 2506 4274 13
2547 4238 2643 4289 ap-

348 4303 643 4369 parentem
680 4302 906 4356 MP¹T
1042 4302 1296 4355 modicae
1344 4303 1395 4353 Γ
1538 4308 1601 4355 15
1646 4302 1960 4355 traicienda
2002 4302 2052 4356 G
2201 4308 2264 4355 16
2305 4302 2502 4371 Regna
2539 4303 2641 4359 Ns

351 4382 543 4452 (παῖς.)
688 4384 775 4435 est
810 4400 910 4437 om.
946 4382 1018 4435 M
1160 4388 1223 4437 17
1263 4383 1542 4451 isquidem
1583 4384 1657 4437 M
1663 4383 1680 4412 ¹
1717 4383 1834 4451 (qui
1873 4386 2050 4448 eras),
2091 4382 2308 4435 hisdem
2351 4382 2402 4435 G
2547 4382 2644 4434 ad-

350 4463 601 4515 emerant
624 4462 697 4515 M
838 4464 937 4516 aut
956 4462 1181 4535 (haut)
1205 4464 1380 4517 Polalc
1525 4480 1618 4516 cor
1657 4462 1858 4533 tribuit
1883 4465 1954 4517 M
2096 4468 2158 4515 21
2191 4466 2492 4531 partesque
2517 4462 2568 4515 G
2585 4466 2645 4527 Τ,

348 4544 680 4610 partemque
719 4544 776 4595 X
780 4543 842 4595 N
984 4548 1048 4595 27
1090 4546 1302 4597 certum
1341 4543 1459 4598 edd.
1502 4543 1658 4597 Rom.
1709 4544 1836 4596 Ven.
1879 4544 1917 4595 Ι
1950 4544 2144 4613 (uuly.)
2291 4548 2358 4595 28
2398 4558 2554 4595 suam
2595 4547 2648 4594 Χ

458 4638 728 4680 Smonxvs
756 4642 824 4681 ed.
854 4642 987 4681 Ihm.
1042 4643 1079 4681 Ι.
2187 4637 2216 4683 6
