3259 5209
640 424 725 490 88
1341 425 1396 480 C.
1438 424 1752 480 SVETONI
1787 424 2230 491 TRANQVILLI

639 611 756 674 per
800 594 1114 655 terrarum
1164 590 1387 655 orbem
1444 610 1599 674 pace
1648 588 1947 673 belloque
1998 611 2069 654 re
2113 612 2175 674 p.
2221 590 2437 673 fuerit,
2485 589 2779 673 exposui,
2838 610 2938 652 re-

636 698 839 762 feram
894 719 1066 761 nunc
1120 698 1491 761 interiorem
1548 718 1621 760 ac
1677 696 2059 761 familiarem
2119 698 2255 761 eius
2311 698 2516 761 uitam
2571 696 2940 780 quibusque

638 804 925 870 moribus
980 809 1173 887 atque
1227 804 1488 867 fortuna
1543 804 1717 867 domi
1775 808 1841 867 et
1895 805 2062 868 inter
2116 826 2264 867 suos
2324 804 2530 889 egerit
2583 826 2620 867 a
2673 805 2938 867 iuuenta

636 933 840 994 usque
888 910 967 974 ad
1014 932 1387 995 supremum
1434 911 1607 975 uitae
1657 911 1840 977 diem.

566 1037 596 1082 2
815 1017 1087 1082 Matrem
1145 1017 1360 1082 amisit
1421 1017 1491 1081 in
1553 1020 1764 1101 primo
1829 1015 2191 1100 consulatu,
2257 1039 2538 1082 sororem
2597 1016 2935 1081 Octauiam
2999 1042 3028 1081 ε

638 1126 1290 1210 quinquagensimum
1350 1128 1412 1188 et
1460 1129 1760 1208 quartum
1819 1146 2014 1209 agens
2062 1125 2290 1187 aetatis
2337 1146 2594 1188 annum.
2677 1125 2938 1207 utrique

638 1252 783 1295 cum
853 1232 1197 1315 praecipua
1271 1232 1491 1297 officia
1562 1233 1752 1295 uiuae
1827 1231 2270 1313 praestitisset,
2335 1232 2529 1295 etiam
2595 1231 2938 1295 defunctae

634 1336 913 1403 honores
959 1341 1273 1402 maximos
1323 1338 1567 1402 tribuit.

529 1444 619 1510 62
814 1442 1132 1528 Sponsam
1188 1446 1500 1510 habuerat
1556 1444 1926 1509 adulescens
1982 1444 2051 1508 P.
2101 1442 2336 1509 Seruili
2391 1442 2658 1509 Isaurici
2711 1444 2936 1525 filiam,

635 1551 746 1614 sed
790 1552 1241 1617 reconciliatus
1298 1556 1449 1636 post
1502 1552 1779 1634 primam
1827 1550 2208 1615 discordiam
2256 1551 2542 1615 Antonio
2553 1601 2572 1634 ,
2629 1554 2937 1634 expostu-
2971 1574 3030 1615 ιο

634 1658 918 1722 lantibus
965 1662 1303 1743 utriusque
1350 1658 1666 1723 militibus
1713 1663 1787 1722 ut
1833 1664 1898 1721 et
1941 1658 2413 1723 necessitudine
2450 1659 2669 1742 aliqua
2713 1660 2938 1743 iunge-

634 1770 873 1848 rentur,
920 1766 1287 1851 priuignam
1336 1766 1473 1829 eius
1512 1762 1864 1845 Claudiam,
1911 1764 2178 1828 Fuluiae
2225 1788 2302 1828 ex
2340 1763 2410 1828 P.
2442 1762 2668 1829 Clodio
2713 1766 2938 1849 filiam,

635 1872 819 1935 duxit
864 1893 1131 1935 uxorem
1180 1872 1449 1935 uixdum
1486 1872 1774 1935 nubilem
1815 1893 1889 1934 ac
1927 1870 2256 1935 simultate
2295 1894 2440 1936 cum
2476 1871 2712 1935 Fuluia
2747 1893 2936 1937 socru

564 1996 595 2043 2
637 1983 777 2043 orta
834 1978 1081 2042 dimisit
1147 1980 1451 2042 intactam
1518 1978 1726 2042 adhuc
1780 1982 1844 2040 et
1899 1978 2236 2063 uirginem.
2321 2000 2472 2043 mox
2530 1976 2934 2043 Scriboniam

634 2085 703 2147 in
762 2086 1251 2150 matrimonium
1315 2086 1560 2168 accepit
1622 2088 1893 2170 nuptam
1955 2089 2102 2148 ante
2163 2084 2414 2149 duobus
2468 2086 2935 2169 consularibuS,
2967 2110 3024 2149 15

633 2214 711 2254 ex
768 2191 969 2255 altero
1028 2192 1219 2255 etiam
1281 2195 1567 2255 matrem.
1663 2213 1808 2255 cum
1863 2190 1986 2255 hac
2041 2214 2296 2275 quoque
2353 2191 2706 2256 diuortium
2763 2193 2933 2277 fecit,

634 2302 1063 2383 pertaesUS,
1103 2303 1176 2363 ut
1214 2297 1457 2381 scribit,
1496 2320 1784 2362 morum
1823 2300 2420 2383 peruersitatem
2459 2300 2652 2382 eius,
2699 2320 2772 2363 ac
2810 2304 2934 2362 sta-

634 2404 750 2467 tim
802 2404 1053 2469 Liuiam
1102 2404 1455 2469 Drusillam
1510 2404 1922 2469 matrimonio
1967 2404 2188 2469 Tiberi
2234 2405 2515 2470 Neronis
2563 2410 2628 2469 et
2674 2406 2932 2489 quidem

633 2516 1094 2597 praegnantem
1162 2512 1431 2575 abduxit
1495 2512 1847 2595 dilexitque
1913 2516 1977 2575 et
2039 2511 2343 2596 probauit
2405 2514 2592 2577 unice
2655 2535 2730 2577 ac
2793 2535 2934 2597 per-

634 2622 1011 2682 seueranter.
2964 2642 3023 2682 so

527 2724 619 2789 63
813 2725 913 2789 Ex
954 2724 1291 2790 Scribonia
1336 2724 1587 2807 Iuliam,
1635 2747 1710 2789 ex
1750 2725 1938 2789 Liuia
1983 2725 2148 2789 nihil
2183 2725 2530 2790 liberorum
2569 2726 2738 2809 tulit,
2785 2746 2932 2789 cum

632 2834 911 2896 maxime
958 2838 1233 2917 cuperet.
1317 2834 1556 2913 infans,
1618 2834 1727 2913 qui
1784 2837 2130 2915 conceptus
2188 2839 2350 2915 erat,
2405 2835 2788 2897 immaturus
2835 2838 2934 2897 est

634 2939 860 3003 editus.
954 2938 1183 3004 Iuliam
1244 2942 1523 3023 primum
1582 2938 1887 3002 Marcello
1945 2937 2251 3003 Octauiae
2307 2942 2549 3004 sororis
2597 2962 2749 3005 suae
2794 2939 2932 3004 filio

630 3050 884 3110 tantum
935 3047 1107 3129 quod
1152 3047 1491 3131 pueritiam
1542 3068 1815 3131 egreSSO,
1865 3044 2106 3125 deinde,
2152 3050 2226 3108 ut
2265 3047 2319 3109 is
2358 3046 2538 3129 obiit,
2584 3046 2667 3110 M.
2697 3046 2932 3133 Agrip-

632 3176 749 3236 pae
813 3158 1088 3236 nuptum
1157 3153 1331 3215 dedit
1395 3157 1658 3214 exorata
1722 3172 1965 3233 sorore,
2031 3156 2104 3214 ut
2170 3151 2295 3215 sibi
2360 3173 2592 3236 genero
2651 3153 2931 3237 cederet3
2959 3174 3020 3215 ιε

630 3282 779 3323 nam
835 3265 991 3325 tunc
1046 3259 1341 3344 Agrippa
1410 3258 1676 3321 alteram
1737 3257 2184 3321 Marcellarum
2244 3257 2523 3323 habebat
2586 3264 2650 3323 et
2715 3282 2791 3323 ex
2857 3282 2934 3323 ea

678 3533 687 3541 .
725 3532 734 3541 .
775 3490 1013 3543 ‘transire
1054 3489 1331 3557 disposui3
1373 3488 1453 3539 ita
1491 3488 1700 3554 tamen,
1739 3490 1804 3539 ut
1841 3486 2019 3554 primo
2058 3503 2145 3539 res
2185 3492 2374 3555 gestas
2415 3490 2472 3541 et
2501 3488 2652 3541 domi
2691 3496 2749 3541 et
2775 3488 2930 3553 foris,

631 3569 835 3622 deinde
875 3586 1053 3622 mores
1094 3572 1151 3621 et
1190 3568 1380 3621 studia
1418 3567 1554 3631 eius,
1594 3570 1714 3620 tum
1756 3566 1823 3619 de
1861 3567 2018 3634 regni
2059 3568 2550 3622 administratione
2579 3572 2637 3621 et
2665 3567 2772 3623 fine
2798 3586 2930 3622 nar·

630 3650 807 3703 tando
840 3692 850 3703 .
877 3692 922 3703 ..
954 3649 1098 3702 nihil
1144 3648 1610 3717 praetermittam.
1680 3654 1752 3699 1&
1803 3647 1959 3699 cuius
2008 3646 2181 3699 animi
2222 3647 2380 3701 dotes
2419 3650 2550 3714 (Tit.
2582 3652 2638 3718 3)
2783 3652 2930 3703 cete-

632 3746 805 3797 raque
842 3730 917 3783 ad
964 3730 1286 3783 interiorem
1332 3732 1502 3795 atque
1548 3729 1918 3781 domesticam
1956 3728 2134 3780 uitam
2181 3728 2525 3795 pertinentia
2571 3729 2686 3782 iam
2723 3728 2932 3783 abhinc

632 3810 817 3864 dicere
856 3810 1129 3863 exordiar.
1204 3810 1273 3874 cf.
1316 3809 1547 3876 Capitol.
1582 3810 1742 3861 Max.
1767 3809 1929 3861 Balb.
1961 3812 2011 3869 4,
2043 3814 2074 3861 5
2225 3814 2290 3860 14
2329 3808 2484 3875 Epae't.
2517 3814 2568 3873 1,
2595 3813 2669 3862 23
2706 3809 2932 3863 abiecta

630 3908 853 3959 quoque
890 3907 1060 3943 uxore
1092 3889 1384 3942 Scribonia
1422 3905 1610 3941 amore
1651 3887 1868 3941 alienae
1908 3886 2160 3956 coniugis
2200 3904 2488 3956 possessus
2516 3889 2740 3942 Liuiam
2765 3890 2932 3957 quasi

631 3971 834 4023 marito
868 3971 1209 4023 concedente
1241 3968 1348 4021 sibi
1387 3967 1675 4020 coniunxit
1717 3970 1805 4035 (cs.
1845 3969 1960 4021 Tib.
1983 3974 2052 4035 4).
2199 3974 2262 4021 21
2299 3970 2671 4022 Einhard.16
2710 3970 2779 4022 de
2817 3986 2932 4037 qua

631 4050 774 4104 nihil
812 4051 1113 4103 liberorum
1151 4049 1300 4103 tulit.

776 4245 802 4291 1
843 4256 903 4293 re
941 4236 1171 4305 publica
1212 4238 1280 4301 G,
1316 4236 1397 4289 rei
1434 4252 1487 4303 p.
1534 4234 1762 4289 J1H²R
1906 4240 1936 4286 6
1976 4234 2202 4287 tertium
2245 4236 2463 4289 Cliuton
2613 4240 2642 4287 7
2679 4236 2836 4290 uitae
2877 4238 2930 4289 G

632 4328 661 4373 9
702 4320 903 4373 habuit
942 4336 974 4377 ς
1132 4323 1192 4371 11
1234 4318 1528 4368 unirentur
1558 4319 1615 4367 X
1767 4320 1829 4366 13
1871 4315 1964 4366 uix
2004 4318 2124 4366 tum
2154 4316 2269 4369 HR.
2413 4314 2614 4367 Fuluia
2653 4316 2752 4369 del.
2781 4316 2929 4369 Hal-

632 4402 861 4454 bertsma
1010 4404 1075 4451 16
1114 4399 1351 4450 matrem
1387 4395 1671 4459 GHL²S‚
1713 4398 1892 4446 matre
1933 4395 2021 4447 rel.
2056 4397 2187 4461 (52:21
2348 4400 2414 4447 24
2453 4398 2676 4449 tantum
2713 4412 2824 4463 quo
2867 4396 2930 4456 V,

630 4482 1007 4546 tantuchsne)
1042 4477 1378 4531 GHPSTM
1417 4477 1494 4543 (iu
1530 4477 1584 4528 P
1610 4482 1733 4543 pos-t
1766 4494 1817 4541 q:
1863 4476 2143 4543 uestz‘yae'um
2188 4478 2432 4528 rasurae]
2579 4478 2640 4528 ut
2679 4474 2854 4528 subiit
2876 4478 2927 4529 G

630 4566 697 4613 26
736 4557 1060 4612 marceUam
1103 4558 1153 4610 G
