3259 5209
995 467 1213 521 DIVVS
1250 467 1749 522 VESPASIANVS
1797 479 1928 530 [cn.
1959 480 2110 530 0—14]
2566 469 2694 534 317

577 629 953 696 Amicorum
1007 631 1399 713 libertatem,
1460 630 1930 696 causidicorum
1989 632 2229 718 figuras
2284 653 2360 698 ac
2413 633 2696 718 philoso-
2709 632 2800 700 13

397 736 675 820 phorum
740 738 1210 801 contumaciam
1275 736 1600 802 lenissime
1674 736 1842 802 tulit.
1943 737 2267 802 Licinium
2323 737 2695 803 Mucianum

395 849 589 908 notae
635 843 1095 928 impudicitiae,
1142 844 1253 908 sed
1299 845 1676 908 meritorum
1724 844 1962 908 fiducia
2006 845 2222 908 minus
2269 845 2370 907 sui
2407 867 2696 910 reueren-

397 953 549 1033 tem‚
602 970 953 1035 numquam
1014 951 1141 1014 nisi
1197 949 1361 1014 clam
1417 954 1482 1013 et
1535 950 1848 1015 hactenus
1893 954 2188 1014 retaxare
2235 951 2569 1035 sustinuit,
2623 955 2697 1015 ut

342 1085 369 1126 s
398 1057 571 1141 apud
640 1079 1044 1122 communem
1114 1057 1393 1140 aliquem
1452 1057 1732 1120 amicum
1795 1079 2070 1140 querens
2131 1057 2390 1121 adderet
2449 1057 2696 1122 clausu-

394 1164 554 1227 lam:
600 1185 739 1249 ego
788 1167 1038 1227 tamen
1078 1162 1199 1226 uir
1236 1185 1411 1226 sum.
1504 1160 1797 1226 Saluium
1827 1162 2190 1228 Liberalem
2230 1165 2297 1227 in
2326 1164 2692 1228 defensione

396 1269 619 1333 diuitis
674 1271 767 1333 rei
824 1292 1051 1334 ausum
1107 1269 1341 1334 dicere:
1400 1269 1580 1351 quid
1635 1268 1725 1332 ad
1774 1267 2314 1353 Caesarem,.si
2367 1269 2694 1355 Hippar-

397 1377 582 1440 chus
630 1375 1073 1441 sestertium
1121 1375 1378 1439 milies
1425 1374 1709 1440 habet?
1765 1381 1830 1439 et
1883 1377 2024 1460 ipse
2069 1377 2374 1442 laudauit.
2466 1377 2692 1441 Deme·

396 1485 592 1548 trium
643 1481 955 1566 Cynicum
1016 1483 1084 1546 in
1138 1483 1364 1546 itinere
1412 1482 1678 1546 obuium
1729 1482 1854 1547 sibi
1900 1488 2050 1566 post
2097 1484 2572 1549 damnationem
2617 1505 2692 1550 ac

314 1619 369 1658 ιο
394 1612 604 1673 neque
664 1611 994 1676 assurgere
1051 1609 1265 1671 neque
1326 1587 1603 1652 salutare
1670 1611 1738 1652 se
1798 1588 2202 1674 dignantem,
2264 1591 2692 1656 oblatrantem

396 1695 589 1760 etiam
634 1696 851 1760 nescio
900 1695 1077 1778 quid,
1124 1695 1280 1758 satis
1327 1694 1553 1758 habuit
1600 1716 1780 1759 cane
1801 1719 1865 1760 m
1911 1698 2252 1780 appellare.

574 1800 975 1867 Offensarum
1031 1801 1642 1884 inimicitiarumque
1699 1801 1966 1867 minime
2013 1824 2260 1868 memor
2306 1809 2688 1869 executorue
2706 1804 2794 1870 14

397 1908 705 1993 Vitelli[i]
762 1908 969 1972 hostis
1026 1909 1125 1970 sui
1182 1909 1381 1972 filiam
1447 1908 1964 1992 splendidissime
2029 1911 2378 1996 maritauit,
2443 1912 2693 1975 dotauit

395 2017 591 2080 etiam
636 2019 701 2079 et
746 2014 1069 2079 instruxit.
1144 2015 1465 2098 trepidum
1513 2036 1658 2079 eum
1709 2016 2050 2081 interdicta
2097 2017 2242 2081 aula
2289 2017 2405 2081 sub
2433 2017 2692 2082 Nerone

312 2149 365 2190 15
398 2125 964 2205 quaerentemque,
1030 2121 1333 2204 quidnam
1392 2126 1612 2206 ageret
1669 2126 1784 2185 aut
1835 2145 1964 2206 quo
2014 2123 2248 2208 abiret,
2305 2123 2566 2206 quidam
2615 2147 2690 2187 ex

397 2229 611 2292 officio
668 2227 1073 2292 admissionis
1131 2228 1326 2291 simul
1380 2229 1704 2311 expellens
1765 2229 1981 2294 abire
2029 2229 2505 2294 Morbouiam
2565 2232 2690 2296 ius-

396 2339 581 2399 serat.
676 2335 741 2397 in
787 2333 957 2398 hunc
1013 2338 1238 2417 postea
1292 2333 1739 2418 deprecantem
1797 2357 1927 2399 non
1984 2335 2156 2400 ultra
2210 2335 2412 2401 uerba
2466 2358 2691 2402 excan-

394 2441 552 2522 duit,
590 2444 655 2504 et
692 2440 949 2524 quidem
988 2440 1260 2504 totidem
1299 2443 1433 2504 fere
1472 2445 1666 2524 atque
1705 2441 1941 2506 eadem.
2026 2466 2174 2507 nam
2214 2447 2288 2508 ut
2327 2444 2688 2528 suspicione

394 2546 615 2629 aliqua
668 2548 775 2610 uel
829 2551 1007 2610 metu
1062 2547 1143 2610 ad
1188 2548 1534 2632 perniciem
1584 2549 1964 2631 cuiusquam
2014 2549 2509 2634 compelleretur
2555 2555 2690 2613 tan-

310 2681 367 2722 to
391 2657 533 2717 tum
606 2653 787 2736 afuit,
858 2659 933 2715 ut
997 2653 1409 2718 monentibus
1474 2654 1698 2719 amicis
1765 2655 2119 2719 cauendum
2185 2678 2323 2719 esse
2388 2656 2690 2720 Mettium

392 2759 917 2842 Pompusianum,
964 2759 1137 2843 quod
1184 2760 1379 2847 uolgo
1429 2761 1790 2825 crederetur
1828 2762 2112 2846 genesim
2151 2762 2388 2826 habere
2424 2762 2691 2844 impera-

538 2977 565 3024 1
606 2971 841 3038 Eutrop.
874 2970 994 3024 VII
1016 2974 1109 3036 20,
1131 2976 1160 3023 1
1202 2971 1459 3024 conuicia
1488 2987 1523 3024 a
1552 2971 1854 3025 causidicis
1886 2976 1942 3024 et
1979 2971 2330 3041 philosophis
2359 2974 2418 3025 in
2448 2987 2506 3024 se
2536 2971 2691 3025 dicta

389 3048 592 3102 leniter
630 3049 852 3118 (leuiter
887 3051 1067 3115 codd„
1123 3051 1197 3119 μὴ
1235 3049 1449 3120 βαρέως
1487 3052 1720 3120 Paean.)
1761 3051 1910 3105 tulit.
2009 3054 2165 3119 Epit.
2207 3056 2259 3117 9,
2289 3057 2323 3105 3
2360 3069 2435 3120 sq.
2474 3051 2691 3105 ferebat

389 3129 673 3198 patienter
716 3129 1024 3182 amicorum
1068 3132 1281 3196 motus,
1338 3130 1694 3184 coutumeliis
1747 3147 1964 3198 eorum,
2021 3135 2086 3185 ut
2133 3134 2253 3185 erat
2297 3130 2688 3197 facetissimus,

390 3209 731 3263 iocularibus
767 3211 1123 3278 respondeus.
1199 3227 1441 3278 namque
1478 3211 1760 3280 Licinium
1793 3211 2135 3276 Mucianum,
2175 3227 2285 3280 quo
2323 3210 2578 3264 adiutore
2615 3212 2689 3265 ad

388 3289 691 3358 imperium
743 3292 1101 3358 peruenerat,
1159 3291 1365 3343 fiducia
1413 3291 1738 3344 meritorum
1785 3291 2121 3345 insolentem
2165 3290 2354 3359 lepide
2409 3290 2688 3356 flectebat,

390 3369 648 3424 adhibito
696 3368 885 3438 aliquo
932 3370 1156 3438 utrique
1202 3370 1498 3437 familiari,
1544 3371 1606 3423 id
1652 3389 1826 3424 unum
1875 3371 2091 3425 dicens:
2152 3371 2334 3424 ‘nosti
2379 3387 2466 3424 me
2503 3371 2690 3424 uirum

390 3450 551 3503 esse'.
626 3450 725 3503 sed
771 3449 909 3518 quid
953 3450 1158 3505 mirum
1202 3449 1262 3502 in
1316 3451 1539 3517 amicis,
1596 3468 1724 3505 cum
1778 3452 1951 3505 etiam
1999 3449 2413 3505 causidicorum
2458 3450 2690 3519 obliqua

390 3529 545 3583 dicta
608 3529 698 3597 (cf.
754 3531 919 3584 Dom.
957 3534 996 3582 2
1043 3548 1101 3598 p.
1142 3534 1267 3596 336,
1300 3533 1354 3598 3)
1421 3533 1478 3584 et
1541 3531 2004 3600 philosophorum
2082 3531 2496 3585 contumaciam
2560 3547 2689 3585 con-

386 3613 703 3663 temneret?
875 3616 939 3663 12
988 3611 1221 3678 Eutrop.
1266 3612 1384 3665 VII
1415 3616 1506 3676 20,
1538 3617 1567 3664 1
1616 3609 1955 3665 offensarum
2003 3614 2061 3665 et
2098 3613 2177 3680 (et
2213 3627 2313 3666 om.
2343 3629 2478 3680 pars
2513 3613 2689 3681 codd.)

388 3688 815 3743 inimicitiarum
861 3690 1153 3743 immemor
1195 3689 1321 3744 fuit.
1396 3693 1553 3758 Epit.
1588 3695 1642 3758 9,
1663 3695 1702 3746 2
1747 3691 1914 3744 huius
1952 3691 2101 3746 inter
2138 3694 2324 3745 cetera
2360 3691 2509 3745 bona
2544 3691 2689 3744 illud

388 3768 674 3838 singulare
720 3768 829 3823 fuit
874 3770 1202 3824 inimicitias
1250 3770 1534 3838 obliuisci,
1594 3771 1734 3825 adeo
1784 3775 1848 3824 ut
1885 3770 2105 3824 Vitellii
2151 3772 2330 3825 hostis
2379 3771 2466 3825 sui
2510 3769 2689 3824 ffliam

386 3849 828 3918 locupletissime
847 3850 1104 3904 dotatam
1125 3850 1583 3918 splendidissimo
1605 3851 1970 3920 coniungeret
1989 3851 2130 3904 uiro,
2277 3856 2347 3904 20
2377 3852 2531 3920 Epic.
2555 3856 2607 3916 9,
2620 3855 2689 3904 14

386 3929 745 3984 monentibus
784 3930 1007 3996 amicis,
1042 3932 1108 3983 ut
1145 3933 1230 4000 (ut
1267 3946 1367 3985 om.
1398 3931 1689 4000 Landolf.)
1727 3934 1954 3984 caueret
1991 3946 2025 3984 a
2061 3931 2235 3984 Metio
2273 3930 2494 4001 (Mettio
2534 3931 2688 3984 Lan-

388 4010 543 4079 dolf.)
580 4009 983 4078 PomposianO,
1031 4011 1100 4062 de
1148 4027 1260 4077 quo
1308 4026 1487 4064 sermo
1534 4010 1932 4079 percrebuerat
1977 4013 2345 4080 regnaturum
2383 4011 2519 4079 (sore
2557 4011 2686 4064 add.

388 4090 701 4159 Laudem),
742 4089 1028 4144 consulem
1063 4089 1201 4143 fecit
1240 4089 1496 4143 alludens
1535 4090 1641 4143 tali
1680 4090 1912 4145 cauillo:
1962 4091 2299 4159 quandoque
2336 4105 2547 4143 memor
2582 4089 2689 4142 erit

386 4169 537 4224 tanti
570 4168 847 4224 beneficii.

532 4372 558 4418 1
600 4379 668 4419 ac
704 4382 805 4420 om.
838 4367 896 4419 N
1059 4372 1091 4419 ὅ
1130 4365 1444 4420 clausulam
1474 4365 1685 4431 Duker,
1725 4364 2011 4420 clausulae
2042 4367 2095 4418 Ω
2250 4372 2312 4420 11
2355 4381 2552 4419 canem
2586 4364 2687 4418 ha-

384 4445 511 4499 buit
550 4448 600 4499 Y
816 4451 879 4499 13
937 4446 1274 4514 dotauitque
1330 4448 1479 4517 uulq.
1510 4451 1642 4515 post
1687 4447 1768 4499 ed.
1812 4447 1939 4501 Ven.
1969 4447 2013 4499 I
2063 4445 2407 4516 (maritatam
2465 4444 2688 4499 dotauit

385 4526 639 4597 Bentley)
796 4530 859 4578 17
916 4525 1052 4596 non]
1090 4525 1243 4579 haud
1284 4543 1317 4584 ς
1374 4527 1513 4595 (edd.
1544 4527 1752 4594 princ„
1807 4527 1981 4596 παῖς.)
2139 4531 2204 4580 18
2261 4528 2434 4594 atque
2487 4525 2685 4580 eadem

384 4604 503 4659 fere
526 4605 577 4660 G
704 4610 774 4660 20
802 4609 949 4660 esset
979 4607 1115 4675 (eet)
1137 4606 1235 4673 L¹‚
1264 4622 1384 4660 esse
1414 4608 1471 4660 et
1490 4606 1640 4661 POS
1665 4608 1798 4674 (non
1825 4607 1897 4674 T)
2025 4607 2260 4660 metium
2278 4610 2336 4660 Χ
2337 4609 2386 4660 Τ
2410 4609 2565 4673 (corr.
2587 4604 2686 4675 L2)
