3259 5209
1215 451 1416 507 NERO
1455 464 1587 514 tw.
1617 463 1797 515 Η]
2524 453 2652 518 261

353 617 671 700 faucium,
723 621 988 702 propter
1035 637 1226 701 quem
1281 637 1413 680 non
1469 617 1735 682 adesset.
1818 615 1986 680 nihil
2035 619 2249 680 autem
2298 638 2500 700 aeque
2546 616 2655 680 do-

353 723 500 806 luit,
547 746 740 808 quam
789 729 862 788 ut
909 722 1152 788 malum
1198 745 1265 787 se
1311 722 1753 788 citharoedum
1810 723 2197 808 increpitum
2242 745 2317 787 ac
2361 744 2481 806 pro
2528 721 2593 786 N
2594 745 2655 786 e-

351 853 512 895 rone
577 829 1082 894 Ahenobarbum
1145 829 1568 914 appellatum3
1631 834 1699 893 et
1766 850 2005 894 nomen
2068 828 2326 914 quidem
2394 829 2654 917 gentile,

353 937 528 1022 quod
592 937 714 1000 sibi
774 959 890 1021 per
949 936 1405 1000 contumeliam
1465 935 1987 1020 exprobraretur,
2046 941 2526 1019 resumpturum
2588 959 2655 1000 se

297 1070 324 1109 s
353 1043 683 1128 professus
730 1047 830 1110 est
875 1043 1168 1128 deposito
1207 1043 1536 1127 adoptiuo,
1583 1047 1795 1108 cetera
1832 1045 2141 1128 conuicia,
2186 1047 2261 1107 ut
2296 1042 2478 1126 falsa,
2524 1066 2655 1107 non

355 1150 486 1214 alio
525 1155 902 1236 argumento
941 1149 1293 1236 refellebat,
1341 1173 1534 1234 quam
1571 1149 1746 1234 quod
1784 1151 1977 1216 etiam
2016 1150 2272 1214 inscitia
2308 1151 2433 1214 sibi
2471 1153 2654 1215 tauto

355 1278 550 1341 opere
587 1256 1032 1341 <e>laboratae
1070 1257 1516 1342 perfectaeque
1554 1279 1592 1320 a
1627 1278 1697 1322 se
1735 1258 1893 1322 artis
1936 1257 2314 1340 obiceretur,
2361 1255 2653 1342 singulos

355 1364 627 1428 subinde
671 1365 982 1450 rogitans,
1025 1368 1445 1428 nossentne
1493 1385 1944 1448 quemquam
1985 1366 2653 1447 praestantiorem.

355 1470 468 1534 sed
516 1470 894 1556 urgentibus
941 1472 1084 1534 aliis
1131 1492 1323 1554 super
1368 1469 1530 1534 alios
1585 1472 1835 1536 nuntiis
1881 1469 2157 1536 Romam
2211 1470 2653 1555 praetrepidus
2692 1487 2723 1534 2

273 1602 326 1641 ιο
351 1577 580 1661 rediit;
653 1577 1009 1661 leuiterque
1083 1577 1274 1641 modo
1339 1579 1408 1642 in
1481 1579 1709 1642 itinere
1776 1577 2013 1642 friuolo
2090 1579 2375 1661 auspicio
2440 1581 2653 1641 mente

354 1689 666 1768 recreata,
746 1705 892 1748 cum
962 1683 1330 1750 adnotasset
1405 1683 1801 1768 insculptum
1882 1687 2301 1748 monumento
2380 1683 2653 1748 militem

357 1788 616 1854 Gallum
691 1791 772 1854 ab
847 1792 1062 1874 equite
1136 1789 1212 1855 R.
1277 1812 1653 1874 oppressum
1730 1791 1899 1856 trahi
1974 1791 2285 1874 crinibus,
2359 1791 2439 1854 ad
2512 1813 2653 1854 eam

355 1899 634 1982 speciem
682 1896 911 1962 exiluit
955 1899 1191 1985 gaudio
1249 1897 1623 1982 caelumque
1671 1899 1982 1962 adorauit.
2065 1919 2139 1962 ac
2182 1921 2264 1962 ne
2312 1902 2466 1961 tunc
2516 1899 2654 1981 qui-

356 2003 502 2068 dem
549 2009 662 2070 aut
717 2008 944 2068 senatu
990 2009 1104 2068 aut
1157 2003 1399 2088 populo
1449 2027 1665 2069 coram
1712 2004 2035 2089 appellato
2084 2005 2395 2088 quosdam
2445 2026 2478 2067 e
2524 2006 2654 2088 pri-

273 2135 325 2174 ιε
357 2111 644 2176 moribus
691 2113 848 2174 uiris
894 2111 1158 2175 domum
1205 2114 1500 2176 euocauit
1557 2115 2006 2196 transactaque
2052 2113 2289 2195 raptim
2336 2111 2654 2175 consulta-

357 2219 533 2282 tione
577 2217 892 2302 reliquam
951 2217 1076 2281 diei
1121 2222 1368 2301 partem
1417 2240 1535 2302 per
1590 2239 1833 2303 organa
1848 2218 2337 2302 2⁹<h>ydraulica
2384 2220 2538 2282 noui
2588 2221 2651 2280 et

356 2325 566 2410 ignoti
608 2326 862 2410 generis
910 2325 1366 2406 circumduxit,
1423 2324 1889 2409 ostendensque
1946 2325 2227 2412 singula,
2282 2326 2359 2388 de
2405 2327 2653 2390 ratione

356 2451 428 2494 ac
465 2429 849 2495 difficultate
886 2433 1193 2516 cuiusque
1231 2431 1562 2513 disserens,
1603 2433 1748 2495 iam
1788 2453 1862 2495 se
1901 2434 2130 2496 etiam
2172 2432 2651 2516 prolaturum

357 2539 608 2601 omnia
653 2537 729 2601 in
775 2537 1160 2602 theatrum
1216 2538 1590 2619 affirmauit,
1649 2541 1712 2602 si
1757 2561 1889 2623 per
1936 2538 2333 2605 Vindicem
2390 2539 2636 2604 liccat.

271 2669 328 2707 ιο
531 2643 884 2726 Postquam
940 2644 1166 2708 deinde
1221 2647 1416 2708 etiam
1473 2643 1743 2710 Galbam
1798 2650 1863 2709 et
1908 2644 2253 2728 Hispanias
2303 2646 2643 2710 desciuisse
2658 2643 2749 2710 42

355 2752 690 2836 cognouit,
751 2751 1090 2835 conlapsus
1150 2754 1491 2836 animoque
1551 2752 1719 2817 male
1778 2752 1950 2816 facto
2012 2752 2123 2815 diu
2184 2754 2319 2816 sine
2374 2775 2533 2816 uoce
2590 2757 2653 2816 et

353 2879 555 2941 prope
612 2859 1073 2922 intermortuus
1120 2860 1346 2941 iacuit,
1398 2864 1596 2941 utque
1645 2861 1922 2944 resipiit,
1977 2864 2156 2923 ueste
2205 2860 2495 2940 discissa,
2555 2881 2651 2922 ca-

353 2965 487 3046 pite
535 2962 1024 3049 conuerberatO,
1078 2971 1328 3029 actum
1384 2966 1470 3030 de
1528 2988 1603 3028 se
1662 2967 2109 3048 pronuntiauit
2165 2965 2652 3048 consolantique

355 3069 714 3134 nutriculae
750 3075 816 3134 et
844 3071 986 3135 aliis
1027 3093 1282 3154 quoque
1320 3073 1448 3135 iam
1479 3071 1879 3155 principibus
1918 3071 2153 3135 similia
2191 3071 2494 3136 accidisse
2524 3093 2649 3135 me—

274 3198 328 3237 25
355 3178 656 3259 moranti,
701 3200 776 3240 se
823 3200 1003 3242 uero
1051 3184 1357 3262 praeter
1403 3183 1702 3242 ceteros
1742 3179 2095 3243 inaudita
2140 3183 2213 3242 et
2250 3180 2653 3263 incognita

356 3285 520 3366 pati
557 3283 905 3366 respondit,
953 3287 1082 3368 qui
1121 3307 1484 3348 summum
1525 3287 1929 3369 imperium
1973 3286 2198 3349 uiuus
2238 3285 2649 3350 amitteret.

356 3411 472 3452 nec
519 3410 593 3454 eo
643 3389 842 3454 setius
890 3393 1235 3475 quicquam
1283 3415 1360 3455 ex
1398 3393 1857 3456 consuetudine
1903 3391 2093 3455 luxus
2132 3397 2325 3475 atque
2372 3390 2649 3454 desidiae
2689 3409 2720 3455 2

357 3497 576 3560 omisit
605 3496 709 3560 uel
747 3498 1078 3582 inminuit;
1115 3499 1270 3580 quin
1300 3500 1518 3581 imm0,
1559 3519 1703 3562 cum
1744 3498 2034 3582 prosperi
2066 3499 2367 3581 quiddam
2398 3520 2477 3562 ex
2506 3521 2650 3581 pro-

355 3604 587 3666 uinciis
613 3606 984 3668 nuntiatum
1012 3609 1198 3687 esset,
1227 3627 1420 3689 super
1447 3604 2063 3669 abundantissimam
2094 3626 2315 3669 cenam
2344 3605 2651 3669 iocularia

388 3739 653 3746 ——h—
746 3741 782 3745 .-

499 3817 569 3865 20
611 3813 760 3868 Orac.
801 3813 924 3867 VII
957 3819 1008 3880 7,
1038 3819 1108 3868 13
1161 3817 1464 3882 postquam
1515 3813 1756 3868 Galbam
1812 3814 1870 3867 in
1923 3815 2201 3883 Hispania
2256 3815 2651 3884 imperatorem

357 3893 606 3947 creatum
645 3893 716 3947 ab
755 3894 1004 3948 exercitu
1041 3895 1322 3964 cognouit,
1361 3898 1514 3948 totus
1553 3895 1740 3948 animo
1781 3910 1846 3947 ac
1885 3912 1984 3964 spe
2024 3895 2284 3949 concidit.

397 4165 404 4170 ,
498 4105 529 4151 2
561 4099 653 4170 ac]
683 4101 740 4153 et
763 4100 814 4154 G
925 4105 954 4151 ’1
987 4099 1308 4154 elaboratae
1338 4101 1649 4170 Berneyyer
1668 4100 1939 4168 (Bentley)
2042 4098 2290 4170 perfecte
2315 4099 2365 4152 G
2472 4106 2529 4152 11
2562 4097 2649 4150 in-

347 4175 582 4248 sculptfi
618 4179 682 4234 iu
713 4180 764 4234 G
876 4186 940 4233 13
981 4179 1202 4233 exiliuit
1227 4180 1404 4248 GQR,
1442 4179 1560 4232 -liit
1587 4179 1655 4234 S*
1764 4180 1853 4248 ac]
1894 4181 1954 4232 at
1983 4180 2035 4234 L
2151 4185 2217 4232 1⁵
2256 4178 2551 4232 eouocauit
2582 4181 2656 4232 M

360 4263 426 4312 16
461 4257 684 4328 reliqua
720 4259 836 4314 diei
871 4263 1033 4330 parte
1071 4277 1164 4314 eos
1196 4261 1430 4315 Oasaub.
1579 4266 1644 4313 17
1686 4259 1839 4331 <ac>
1870 4259 1939 4312 de
1976 4259 2065 4313 uel
2102 4257 2371 4330 de<que>
2402 4259 2650 4328 Bentley,

355 4339 453 4393 hoe
479 4340 644 4394 etiam
675 4339 812 4394 omi.
928 4346 993 4394 18
1024 4340 1092 4393 de
1120 4339 1392 4393 facultate
1424 4341 1763 4395 Cornelissen
1872 4345 1939 4391 20
1970 4338 2213 4392 descisse
2234 4339 2301 4392 N
2403 4344 2469 4390 21
2500 4337 2645 4391 male

356 4419 537 4474 fracto
553 4423 610 4472 Χ
622 4421 834 4492 (mast),
852 4437 952 4476 om.
976 4423 1118 4490 (cum
1130 4421 1378 4488 praeced.
1392 4423 1521 4488 que)
1533 4421 1610 4486 N,
1629 4419 1957 4477 labefactos
1978 4419 2287 4487 (Heinsius)
2381 4423 2447 4471 22
2476 4417 2648 4471 inter-

357 4503 603 4553 mortuos
627 4500 714 4567 M,
733 4500 913 4553 instar
929 4503 1180 4554 mortuus
1203 4503 1254 4554 L
1371 4500 1593 4567 resipiit
1615 4500 1789 4554 MPO
1798 4501 1857 4564 T,
1878 4499 2028 4567 -puit
2046 4498 2137 4552 rel.
2160 4505 2209 4551 et
2228 4498 2291 4551 N
2401 4498 2650 4550 discussa

359 4579 592 4648 311106,
621 4580 868 4634 descisse.
895 4583 946 4634 L
1095 4585 1161 4634 28
1199 4597 1462 4649 prospere
1493 4581 1643 4634 XM*
1786 4578 2016 4648 quidam
2051 4581 2124 4632 M
2265 4584 2331 4632 29
2370 4577 2567 4631 fuisset
2600 4579 2649 4630 (ι’
