3259 5209
1112 451 1566 508 DOMITIANVS
1606 463 1739 514 [mr.
1770 466 1892 515 τ-ο]
2517 455 2644 519 341

352 635 435 678 ex
482 618 764 699 utroque
810 615 1033 680 ordine
1070 616 1213 701 lege
1251 615 1582 682 Scantinia
1619 617 2099 702 condemnauit3
2145 619 2389 684 incesta
2427 617 2650 684 Vesta-

351 720 515 786 lium
565 723 920 808 uirginum,
980 745 1017 786 a
1062 726 1243 808 patre
1291 745 1547 809 quoque
1594 746 1711 790 suo
1760 729 1826 789 et
1870 723 2068 789 fratre
2113 726 2427 811 neglecta,
2474 727 2650 790 uarie

353 849 431 892 ac
476 850 697 894 seuere
744 828 1043 913 coercuit,
1096 831 1315 915 priora
1360 831 1623 916 capitali
1673 831 2017 916 supplicio,
2070 832 2430 916 posteriora
2473 853 2653 896 more

354 935 577 1000 ueteri.
642 957 791 1000 nam
842 957 987 1002 cum
1028 935 1315 1002 Oculatis
1354 937 1704 1021 sororibus,
1741 940 1895 1002 item
1937 937 2340 1004 Varronillae
2378 938 2651 1003 liberum
2689 957 2722 1004 4

296 1067 323 1108 z
352 1043 583 1108 mortis
630 1043 1027 1128 permisisset
1072 1044 1409 1110 arbitrium
1457 1049 1994 1129 corruptoresque
2031 1067 2250 1110 earum
2288 1046 2653 1130 relegasset,

356 1171 507 1214 mox
538 1147 899 1214 Corneliam
936 1151 1283 1215 maximam
1322 1151 1642 1237 uirginem
1673 1151 2034 1217 absolutam
2065 1151 2241 1236 olim,
2280 1151 2424 1216 dein
2453 1153 2652 1237 longo

357 1256 699 1322 interuallo
747 1257 1087 1341 repetitam
1135 1261 1329 1342 atque
1366 1259 1728 1324 conuictam
1767 1257 1984 1323 defodi
2021 1260 2366 1342 imperauit
2403 1263 2652 1342 stupra-

354 1369 655 1448 toresque
700 1365 905 1450 uirgis
952 1364 1019 1428 in
1066 1366 1331 1430 comitio
1379 1364 1460 1430 ad
1504 1386 1724 1430 necem
1771 1365 1969 1448 caedi,
2013 1370 2282 1450 excepto
2330 1366 2653 1450 praetorio

354 1471 527 1554 uiro,
589 1469 720 1552 cui,
788 1470 981 1535 dubia
1037 1473 1227 1537 etiam
1284 1477 1425 1536 tum
1480 1493 1674 1536 causa
1727 1476 1793 1537 et
1848 1473 2107 1537 incertis
2167 1471 2653 1557 quaestionibus

272 1601 328 1641 10
357 1581 553 1662 atque
607 1579 947 1642 tormentis
1002 1579 1079 1643 de
1134 1583 1335 1643 semet
1390 1580 1712 1663 professo,
1766 1578 2031 1644 exilium
2078 1579 2364 1644 indulsit,
2457 1599 2530 1643 ac
2573 1599 2655 1642 ne
2693 1597 2724 1644 5

358 1706 485 1768 qua
528 1683 759 1768 religio
808 1685 996 1748 deum
1034 1685 1297 1769 impune
1334 1685 1901 1768 contaminaretur,
1945 1686 2434 1769 monimentum,
2481 1686 2655 1769 quod

356 1790 625 1856 libertus
690 1791 829 1856 eius
888 1813 922 1856 e
984 1791 1307 1874 lapidibus
1368 1791 1611 1876 templo
1675 1789 2022 1877 Capitolini
2083 1791 2258 1857 Iouis
2319 1792 2654 1856 destinatis

356 1898 493 1961 filio
550 1903 945 1982 extruxerat,
1002 1896 1201 1962 diruit
1254 1920 1369 1983 per
1422 1898 1661 1964 milites
1709 1919 1982 1983 ossaque
2027 1903 2092 1964 et
2137 1899 2443 1982 reliquias
2493 1920 2655 1982 quae

356 2005 610 2070 inerant
654 2006 816 2068 mari
862 2005 1100 2070 mersit.

275 2135 329 2175 ιο
536 2114 713 2174 Inter
757 2111 945 2176 initia
980 2133 1185 2194 usque
1220 2111 1379 2176 adeo
1418 2111 1499 2176 ab
1538 2114 1716 2176 omni
1753 2111 1942 2176 caede
1979 2111 2386 2195 abhorrebat,
2433 2118 2506 2177 ut
2543 2111 2650 2176 ab·
2679 2112 2726 2176 9

357 2221 537 2281 sente
580 2217 789 2282 adhuc
825 2221 1007 2301 patre
1042 2219 1415 2282 recordatus
1444 2217 1779 2303 Vergilifi]
1809 2241 2066 2284 uersum
2103 2220 2340 2302 (story.
2369 2225 2430 2296 2,
2461 2221 2654 2302 538>:

537 2341 768 2426 impia
814 2363 1032 2425 quam
1081 2344 1321 2407 caesis
1370 2365 1551 2429 gens
1599 2346 1715 2409 est
1761 2343 2075 2426 epulata
2121 2343 2476 2408 iuuencis

358 2467 603 2532 edicere
658 2466 1022 2550 destinarit,
1074 2490 1155 2531 ne
1212 2467 1413 2532 boues
1469 2468 1975 2532 immolarentur.
2069 2466 2443 2550 cupiditatis
2501 2488 2656 2551 quo-

359 2595 485 2657 que
538 2577 728 2658 atque
784 2575 1092 2637 auaritiae
1140 2572 1251 2638 uix
1296 2573 1732 2658 suspicionem
1778 2575 1977 2638 ullam
2024 2579 2137 2638 aut
2181 2574 2474 2657 priuatus
2521 2596 2655 2637 um-

276 2705 331 2744 20
360 2703 552 2767 quam
600 2685 710 2745 aut
757 2681 1056 2765 princeps
1102 2681 1498 2764 aliquamdiu
1546 2681 1740 2764 dedit,
1795 2681 1992 2745 immo
2040 2701 2074 2743 e
2122 2680 2376 2745 diuerso
2425 2703 2657 2766 magna

360 2809 552 2872 saepe
606 2809 731 2852 non
792 2787 1216 2851 abstinentiae
1272 2789 1463 2851 modo
1526 2788 1638 2852 sed
1695 2788 1889 2851 etiam
1945 2786 2354 2851 liberalitatis
2412 2787 2655 2871 experi-

360 2899 592 2959 menta.
686 2895 893 2958 omnis
943 2894 1111 2958 circa
1158 2917 1225 2957 se
1272 2893 1631 2980 largissime
1679 2898 2057 2977 prosecutus
2103 2893 2267 2959 nihil
2315 2894 2495 2977 prius
2544 2898 2655 2958 aut
2695 2913 2725 2959 a

359 3002 571 3066 acrius
628 3001 879 3065 monuit
936 3023 1128 3085 quam
1185 3022 1263 3064 ne
1320 3002 1476 3084 quid
1532 3000 1788 3066 sordide
1833 3000 2136 3066 facerent.
2228 2999 2484 3064 relictas
2533 3000 2656 3064 sibi

360 3108 746 3173 hereditates
794 3107 876 3172 ab
923 3108 1031 3192 iis,
1080 3107 1315 3190 quibus
1361 3107 1550 3172 liberi
1596 3112 1796 3192 erant,
1843 3128 1974 3171 non
2018 3107 2276 3190 recepit.
2370 3107 2655 3191 legatum

278 3237 331 3278 εδ
360 3215 553 3279 etiam
594 3237 673 3278 ex
708 3219 1095 3280 testamento
1136 3214 1325 3279 Rusti
1355 3212 1713 3299 Caepionis,
1753 3216 1862 3298 qui
1903 3218 2161 3278 cauerat
2197 3218 2271 3277 ut
2311 3213 2658 3298 quotannis

362 3321 870 3408 ingredientibus
948 3323 1191 3386 curiam
1256 3322 1660 3386 senatoribus
1727 3326 1960 3385 certam
2027 3343 2340 3385 summam
2407 3321 2655 3385 uiritim

506 3486 587 3534 15.
610 3485 676 3534 18
698 3481 787 3549 (cf.
809 3497 861 3549 p.
886 3485 1007 3546 342,
1026 3483 1113 3546 11)
1144 3480 1377 3548 Eut-rep.
1410 3478 1527 3533 VII
1542 3483 1636 3544 23,
1657 3485 1686 3532 1
1709 3479 1905 3548 primis
1923 3482 2113 3532 tamen
2144 3479 2305 3532 annis
2335 3478 2657 3532 moderatus

358 3639 726 3708 crudelitatis,
764 3640 1041 3694 auaritiae
1068 3641 1292 3692 tantum
1330 3639 1387 3691 in
1427 3655 1485 3692 se
1523 3639 1643 3692 odii
1682 3640 2007 3705 concitauit,
2043 3641 2108 3692 ut
2145 3639 2347 3693 merita
2385 3642 2443 3692 et
2477 3639 2658 3707 patris

358 3723 419 3774 et
463 3720 655 3774 fratris
700 3719 952 3774 aboleret
998 3721 1088 3788 (cf.
1122 3721 1285 3773 Dom.
1315 3722 1387 3785 3).
1475 3721 1657 3774 Victor
1687 3720 1834 3773 Cae-⁴1.
1869 3726 1954 3784 11,
1984 3723 2018 3772 3
2066 3719 2245 3788 primo
2299 3718 2656 3772 clementiam

358 3800 627 3855 simulans
656 3803 801 3869 (item
832 3800 985 3868 Epic.
1010 3802 1185 3867 11,2).
1217 3804 1303 3865 11,
1334 3805 1363 3852 1
1396 3799 1633 3868 praedas
1664 3799 1892 3853 caedem
1921 3798 2198 3867 supplicia
2227 3816 2392 3869 agere
2421 3799 2656 3867 occepit.

508 3951 533 3997 1
582 3943 861 3997 scantinia
902 3943 953 3996 G
1008 3943 1354 4010 (Sabellieus',
1410 3941 1650 3995 scatinia
1697 3945 1776 4010 ς),
1843 3942 2092 3995 cantinia
2151 3942 2392 4011 MQLS,
2449 3941 2659 3994 catinia

362 4023 633 4080 nRPOT
746 4029 776 4075 2
817 4040 913 4077 suo
944 4041 1043 4077 om.
1082 4024 1132 4077 G
1240 4029 1271 4074 3
1312 4026 1372 4076 at
1401 4023 1630 4092 Bentley
1750 4022 1988 4091 supplici
2020 4023 2096 4076 M
2197 4027 2230 4073 4
2268 4020 2478 4075 oculati
2518 4024 2657 4088 (osc-

358 4105 445 4172 8¹)
474 4108 543 4171 X,
582 4103 847 4159 Ocellatis
876 4103 1189 4157 Beroaldus
1296 4102 1602 4155 ueronillae
1637 4103 1687 4158 G
1797 4108 1828 4155 6
1867 4103 2144 4171 uirginem
2181 4102 2484 4154 maximam
2526 4104 2574 4152 Τ

359 4183 495 4239 olim
524 4201 622 4239 om.
660 4187 709 4237 Τ
857 4184 1060 4236 deinde
1089 4183 1269 4252 Χρῖδ,
1302 4183 1504 4236 dehinc
1533 4186 1593 4236 Π
1624 4185 1817 4253 (uuly.)
1964 4189 1992 4236 7
2034 4183 2226 4252 atque]
2255 4199 2435 4249 neque
2466 4182 2659 4234 Duker

358 4267 475 4320 coll.
507 4266 657 4320 Ptin.
687 4266 838 4332 epist.
871 4265 965 4316 IV
993 4269 1057 4317 11
1174 4269 1235 4316 17
1276 4264 1467 4332 inopia
1498 4264 1568 4316 M
1688 4270 1752 4316 18
1792 4263 2038 4317 ediscere
2071 4264 2142 4316 M
2265 4261 2561 4314 destinarit
2587 4264 2654 4326 X,

360 4345 668 4400 destinauit
708 4345 974 4411 MGN16,
1013 4345 1380 4398 destinauerit
1423 4343 1555 4396 TN‘
1720 4349 1787 4396 20
1835 4361 1864 4396 e
1904 4343 2148 4412 diuerso]
2189 4341 2408 4395 diuerso
2449 4344 2552 4412 (-se
2584 4341 2654 4408 P)

360 4426 595 4492 MLPe,
632 4426 803 4478 etiam
833 4425 909 4492 Ν,
939 4425 1039 4479 del.
1072 4425 1298 4478 Ernesti
1439 4441 1648 4492 magna
1678 4425 1799 4490 Mo,
1828 4441 2066 4493 magnae
2095 4424 2186 4476 rel.
2219 4423 2352 4475 etN
2455 4427 2528 4476 21
2562 4437 2653 4475 ex-

360 4506 675 4574 perimento
703 4506 821 4558 XN
970 4512 1036 4558 25
1076 4506 1221 4558 rusci
1252 4508 1321 4570 Ω,
1362 4505 1522 4557 ‚Rusti
1560 4506 1705 4572 quod
1743 4505 1974 4570 affertur
2001 4521 2067 4557 ex
2098 4523 2145 4570 ς,
2178 4504 2468 4571 postulant
2503 4503 2655 4556 tituli

362 4589 461 4652 (sic
498 4589 610 4640 iam
654 4587 805 4640 Torr.
846 4593 895 4640 et
923 4587 1140 4653 Bae-rm.)
