3259 5209
913 485 1089 541 DIVV
1092 486 1128 539 S
1170 483 1661 540 VESPASIANVS
1710 497 1840 547 [mr.
1863 496 2038 547 23—86]
2139 568 2149 581 ·
2494 483 2625 548 323

326 650 441 715 ubi
488 651 802 714 aestiuare
850 649 1197 733 quotannis
1244 648 1510 732 solebat,
1555 649 1735 732 petit.
1817 648 1925 712 hic
1970 669 2116 714 cum
2142 664 2355 732 ‘super
2400 669 2628 734 urgen-

328 764 458 822 tem
516 755 939 821 ualitudinem
996 754 1381 821 creberrimo
1442 755 1717 841 frigidae
1784 777 1985 838 aquae
2040 759 2160 820 usu
2216 755 2410 818 etiam
2467 753 2626 818 inte-

330 865 501 928 stina
556 863 850 928 uitiasset
903 884 1020 927 nec
1074 884 1150 928 eo
1196 863 1409 926 minus
1456 860 1827 926 muneribus
1874 861 2307 945 imperatoriis
2354 882 2433 925 ex
2480 882 2626 926 con-

329 969 666 1034 suetudine
704 969 1099 1055 fungeretur,
1145 973 1220 1032 ut
1255 969 1446 1032 etiam
1487 969 1845 1053 legationes
1881 967 2130 1033 audiret
2167 967 2428 1050 cubans,
2476 967 2625 1033 aluo

276 1081 588 1161 arepente
625 1098 827 1161 usque
864 1075 945 1140 ad
984 1075 1408 1141 defectionem
1446 1074 1676 1158 soluta,
1714 1076 2252 1158 imperatorem
2292 1075 2384 1138 ait
2422 1079 2627 1139 stan·

325 1189 473 1248 tem
523 1184 715 1248 mori
763 1187 1150 1267 oportere3
1196 1182 1476 1266 dumque
1515 1182 1848 1267 consurgit
1886 1203 1960 1247 ac
1997 1182 2246 1265 nititur,
2291 1183 2459 1247 inter
2497 1204 2624 1245 ma-

323 1313 449 1354 nus
496 1288 973 1354 subleuantium
1022 1290 1344 1354 extinctus
1391 1293 1491 1353 est
1539 1286 1746 1353 VIIII.
1795 1287 1936 1353 Kal.
1972 1286 2093 1352 Iul.
2140 1310 2378 1355 annum
2426 1310 2623 1375 agens

325 1397 556 1462 aetatis
617 1397 1130 1481 sexagensimum
1192 1417 1265 1460 ac
1323 1416 1566 1459 nonum
1622 1417 1940 1479 superque
1997 1417 2276 1460 mensem
2332 1417 2405 1459 ac
2454 1394 2624 1459 diem

325 1505 689 1587 septimum.

243 1638 296 1676 ιο
507 1607 826 1674 Conuenit
871 1609 1038 1674 inter
1095 1610 1322 1691 omnis,
1378 1612 1511 1672 tam
1558 1614 1803 1674 certum
1863 1631 2008 1673 eum
2055 1608 2293 1699 desua
2338 1608 2730 1676 suorum-25

280 1776 283 1781 .
326 1739 450 1801 que
505 1717 801 1801 genitura
856 1738 1106 1799 semper
1161 1715 1378 1799 fuisse,
1436 1720 1510 1779 ut
1562 1719 1714 1800 post
1769 1716 2055 1780 assiduas
2110 1717 2178 1780 in
2225 1738 2290 1780 se
2339 1716 2625 1781 coniura-

325 1824 536 1887 tiones
592 1845 783 1888 ausus
839 1822 926 1888 sit
981 1822 1319 1887 adfirmare
1374 1823 1623 1887 senatui
1679 1826 1810 1886 aut
1864 1821 2083 1886 filios
2129 1823 2282 1887 sibi
2328 1844 2625 1888 succes·

327 1950 548 1994 suros
578 1933 708 1994 aut
735 1930 982 1994 nemin
1000 1952 1128 1993 em.
1203 1928 1439 1994 dicitur
1466 1930 1658 1993 etiam
1690 1929 1928 1994 uidisse
1956 1929 2279 2012 quondam
2309 1951 2425 2013 per
2453 1930 2625 2012 quie·

324 2041 456 2100 tem
505 2040 810 2100 stateram
865 2036 1072 2100 media
1118 2040 1297 2120 parte
1343 2035 1650 2101 uestibuli
1696 2035 2024 2101 Palatinae
2071 2035 2299 2100 domus
2346 2037 2624 2119 positam

245 2169 297 2208 ιε
327 2144 618 2207 examine
663 2164 886 2226 aequo,
935 2164 1078 2207 cum
1128 2145 1196 2206 in
1242 2143 1442 2207 altera
1486 2143 1668 2206 lance
1709 2140 2012 2206 Claudius
2051 2147 2114 2207 et
2149 2141 2326 2206 Nero
2363 2147 2624 2225 starent,

322 2250 393 2312 in
439 2247 640 2313 altera
686 2251 823 2332 ipse
869 2270 943 2312 ac
989 2249 1127 2312 filii.
1207 2270 1325 2312 nee
1370 2270 1472 2311 res
1517 2249 1767 2330 fefellit,
1815 2248 2070 2331 quando
2117 2248 2391 2312 totidem
2437 2249 2622 2312 annis

324 2356 592 2439 parique
638 2357 950 2438 temporis
998 2357 1208 2438 spatio
1255 2356 1513 2439 utrique
1558 2358 2055 2438 imperauerunt.

471 2535 537 2582 10
589 2531 824 2598 Eutrop.
867 2530 989 2585 VII
1016 2535 1111 2595 20,
1130 2535 1165 2583 3
1203 2530 1520 2600 genituram
1558 2529 1800 2584 filiorum
1837 2531 1920 2584 ita
1958 2531 2242 2600 cognitam
2280 2528 2506 2597 habuit,
2535 2529 2624 2596 ut,

327 2627 452 2663 cum
490 2610 701 2663 multae
741 2613 934 2664 contra
972 2627 1100 2664 eum
1138 2609 1551 2665 coniurationes
1589 2611 1811 2676 fierent,
1864 2627 2004 2679 quas
2049 2609 2369 2678 patefactas
2406 2609 2626 2680 ingenti

327 2689 778 2744 dissimulatione
806 2690 1145 2760 contempsit
1173 2691 1263 2759 (cf.
1301 2692 1446 2758 Vesp.
1481 2695 1585 2759 14),
1625 2691 1685 2743 in
1723 2693 1920 2746 senatu
1961 2689 2183 2756 dixerit,
2215 2695 2314 2744 aut
2340 2689 2487 2744 filios
2517 2690 2626 2744 sibi

326 2785 676 2824 successuros
724 2773 825 2823 aut
869 2771 1166 2824 neminem.
1250 2770 1434 2825 Victor
1473 2771 1621 2825 Caes.
1663 2776 1716 2836 9,
1745 2776 1778 2824 4
1834 2769 2044 2824 diuinis
2092 2770 2340 2837 deditus,
2389 2788 2626 2837 quorum

324 2864 460 2903 uera
498 2848 782 2918 plerisque
827 2850 1069 2919 negotiis
1118 2854 1489 2919 compererat,
1539 2868 1885 2906 successores
1930 2851 2145 2904 fidebat
2190 2850 2396 2904 liberos
2432 2849 2625 2904 Titum

326 2945 393 2983 ac
428 2928 814 2983 Domitianum
850 2929 985 2983 fore.

471 3096 498 3143 1
538 3089 708 3159 petiit
742 3089 871 3143 'P‘P
991 3097 1023 3143 4
1062 3093 1127 3143 ut
1162 3091 1263 3144 del.
1297 3092 1528 3160 Bentley
1674 3097 1702 3143 7
1744 3107 1941 3162 gerens
1975 3095 2023 3146 Τ
2050 3093 2243 3162 (may.)
2389 3096 2422 3144 8
2460 3107 2627 3160 super

325 3186 573 3224 mensem
621 3170 693 3222 ad
736 3170 786 3224 G
955 3176 1017 3223 12
1076 3187 1421 3224 successores
1470 3171 1675 3226 ML¹S
1719 3173 1808 3241 (cf.
1848 3173 2039 3226 testim.
2077 3173 2269 3241 supra)
2443 3177 2508 3224 14
2566 3171 2623 3223 in

324 3249 514 3304 media
557 3252 604 3302 Τ
745 3256 811 3303 15
860 3267 985 3302 cum
1023 3250 1105 3321 in]
1145 3267 1267 3303 cum
1314 3254 1374 3315 T,
1414 3251 1570 3303 cuius
1610 3253 1842 3321 Bentley

466 3341 668 3394 subscr.
746 3356 791 3393 o.
831 3339 1051 3393 suetoni
1090 3339 1382 3407 tranquilli
1430 3340 1501 3392 de
1546 3340 1670 3393 uita
1707 3357 1997 3395 caesarum
2044 3341 2210 3393 diuus
2259 3340 2623 3409 nespasianus

326 3418 525 3488 explic.
563 3418 767 3487 incipit
805 3419 970 3472 diuus
1009 3419 1147 3472 titus
1194 3420 1438 3475 feliciter
1477 3422 1550 3474 M
1582 3425 1633 3473 et
1668 3421 1785 3475 eim.
1831 3421 2056 3476 GHRP
2097 3420 2283 3489 (diuus
2322 3427 2448 3475 ante
2486 3419 2625 3473 titus

325 3516 427 3554 om.
462 3499 531 3564 G,
560 3498 803 3553 feliciter
829 3517 930 3553 om.
963 3502 1033 3565 R,
1073 3499 1277 3567 incipit
1298 3532 1363 3539 —
1384 3499 1628 3554 feliciter
1656 3518 1758 3555 om.
1790 3502 1869 3569 P)
1979 3499 2212 3568 explicit
2239 3499 2623 3568 uespasianus.

325 3579 532 3647 incipit
568 3579 734 3632 diuus
770 3580 911 3632 titus
948 3579 1192 3633 feliciter
1228 3580 1274 3648 Q
1422 3581 1656 3648 explicit
1694 3580 1791 3634 lib.
1823 3581 1886 3634 X.
1927 3581 2132 3648 incipit
2169 3581 2239 3633 de
2276 3580 2383 3635 tito
2420 3580 2519 3634 lib.
2550 3579 2627 3634 XI

325 3659 425 3714 LS
459 3659 551 3727 (de
588 3658 695 3712 tito
733 3676 832 3714 om.
866 3662 933 3728 S)
