3259 5209
1229 439 1430 495 NERO
1471 451 1608 505 [cun
1638 451 1787 501 8—12]
2528 435 2657 501 237

357 623 540 664 senes
588 622 846 685 quoque
893 601 1260 666 consulares
1307 625 1596 687 anusque
1642 607 1971 667 matronas
2018 603 2258 686 recepit
2302 600 2383 665 ad
2430 602 2659 665 lusum.

357 707 751 772 circensibus
803 709 948 772 loca
1003 709 1206 791 equiti
1263 715 1509 774 secreta
1555 733 1592 774 a
1641 711 1870 775 ceteris
1927 709 2157 773 tribuit
2204 708 2657 791 commisitque

357 815 554 877 etiam
610 814 1001 878 camelorum
1056 815 1418 902 quadrigas.
1502 816 1691 898 ludis,
1738 836 1900 899 quos
1954 837 2072 900 pro
2120 816 2499 879 aeternitate
2544 815 2659 878 im-
2698 829 2729 876 2

357 923 521 1004 perii
569 925 870 1004 suceptos
917 921 1227 1006 appellari
1276 925 1653 987 maximos
1698 923 1936 1006 uoluit,
1993 943 2069 986 ex
2116 928 2393 1005 utroque
2438 921 2661 985 ordine

301 1055 330 1093 a
361 1035 425 1091 et
497 1049 654 1092 sexu
727 1027 1016 1111 plerique
1093 1029 1371 1094 ludicras
1447 1035 1661 1113 partes
1741 1031 2210 1112 sustinuerunt3
2282 1029 2661 1092 notissimus

359 1155 554 1217 eques
609 1133 683 1198 R.
732 1133 1074 1217 elephanto
1140 1137 1546 1220 supersidens
1605 1160 1722 1220 per
1776 1136 2212 1202 catadromum
2270 1135 2661 1218 decucurrit3

359 1241 624 1306 inducta
659 1241 890 1304 Afrani
911 1247 1168 1326 togata,
1207 1265 1368 1325 quae
1405 1241 1849 1307 Incendium
1889 1240 2365 1324 <in>scribitur,
2410 1261 2660 1304 conces-

359 1368 632 1430 sumque
683 1352 758 1411 ut
813 1350 1086 1413 scaenici
1149 1349 1430 1414 ardentis
1491 1350 1721 1414 domus
1783 1348 2249 1433 supellectilem
2310 1347 2659 1430 diriperent

360 1474 434 1518 ac
490 1453 616 1518 sibi
671 1453 1006 1539 haberent3
1071 1477 1294 1539 sparsa
1353 1461 1416 1520 et
1472 1457 1714 1540 populo
1770 1455 2045 1519 missilia
2100 1456 2391 1519 omnium
2446 1475 2659 1516 rerum

275 1569 334 1608 ¹⁰
363 1583 476 1644 per
522 1581 743 1625 omnes
781 1562 947 1625 dies:
995 1563 1252 1650 singula
1290 1563 1526 1626 cotidie
1565 1565 1747 1627 milia
1783 1564 2001 1627 auium
2042 1561 2352 1644 cuiusque
2391 1561 2659 1646 generis,

362 1667 702 1752 multiplex
748 1690 977 1752 penus,
1027 1673 1302 1732 tesserae
1347 1669 1832 1752 frumentariae,
1877 1670 2099 1752 uestis,
2144 1689 2389 1749 aurum,
2436 1687 2658 1752 argen-

361 1778 528 1858 tum,
576 1796 894 1860 gemmae,
937 1777 1340 1861 margaritae,
1390 1776 1647 1840 tabulae
1695 1776 1929 1860 pictae,
1980 1776 2327 1859 mancipia,
2374 1777 2660 1839 iumenta

361 1885 555 1964 atque
602 1884 796 1946 etiam
845 1887 1211 1946 mansuetae
1257 1883 1456 1966 ferae,
1509 1884 1863 1947 nouissime
1908 1903 2135 1964 nanee,
2182 1882 2455 1962 insulae,
2500 1882 2658 1965 agri.

362 1987 482 2052 hos
537 1989 724 2052 ludos
785 1989 1102 2071 spectauit
1162 2011 1197 2051 e
1252 1991 1583 2072 proscaeni
1644 1989 1927 2073 fastigio.
2012 2009 2299 2069 munere,
2359 1988 2532 2070 quod
2591 1989 2653 2050 in
2679 1979 2763 2046 12

285 2119 336 2158 u
365 2093 840 2178 amphitheatro
886 2094 1102 2179 ligneo
1149 2095 1412 2180 regione
1449 2095 1669 2160 Martii
1708 2096 1916 2180 campi
1964 2097 2133 2159 intra
2177 2095 2331 2158 anni
2376 2094 2657 2176 spatium

359 2200 678 2264 fabricato
735 2200 935 2286 dedit,
988 2203 1308 2266 neminem
1367 2201 1630 2284 occidit,
1678 2224 1757 2266 ne
1804 2203 2147 2266 noxiorum
2196 2200 2471 2284 quidem.
2557 2222 2657 2264 ex-

361 2307 578 2372 hibuit
625 2314 839 2372 autem
879 2309 960 2371 ad
995 2309 1236 2372 ferrum
1275 2310 1471 2374 etiam
1511 2309 2017 2395 quadringentos
2056 2313 2377 2372 senatores
2417 2329 2659 2373 sescen-

363 2419 594 2498 tosque
640 2416 889 2498 equites
929 2413 1256 2478 Romanos
1303 2421 1368 2479 et
1415 2417 1728 2498 quosdam
1775 2417 2071 2490 fortunae
2108 2419 2303 2498 atque
2338 2413 2661 2478 existima-

365 2522 562 2585 tionis
617 2522 934 2606 integrae‚
990 2544 1069 2585 ex
1117 2522 1317 2586 isdem
1374 2522 1707 2586 ordinibus
1755 2523 2149 2586 confectores
2199 2543 2456 2604 quoque
2501 2522 2661 2586 fera-

285 2651 338 2689 20
366 2649 508 2691 rum
571 2633 636 2691 et
697 2630 878 2691 uaria
937 2627 1210 2692 harenae
1271 2630 1644 2692 ministeria.
1733 2628 2029 2693 exhibuit
2090 2633 2153 2692 et
2212 2625 2657 2692 naumachiam

365 2735 612 2798 marina
677 2755 843 2817 aqua
907 2735 1278 2798 innantibus
1343 2734 1576 2818 beluis3
1644 2737 1799 2798 item
1865 2733 2197 2818 pyrrichas
2264 2734 2571 2818 quasdam
2626 2755 2661 2797 e

367 2861 635 2904 numero
698 2841 1122 2925 epheborum,
1182 2841 1417 2924 quibus
1479 2845 1630 2925 post
1689 2841 1924 2905 editam
1989 2863 2247 2924 operam
2308 2841 2662 2924 diplomata

367 2947 650 3011 ciuitatis
699 2946 1024 3010 Romanae
1083 2948 1358 3032 singulis
1417 2949 1672 3031 optulit.
1758 2949 1925 3012 inter
1979 2947 2419 3032 pyrricharum
2474 2967 2660 3030 argu·
2699 2958 2729 3004 2

368 3059 582 3118 menta
637 3059 857 3118 taurus
905 3053 1288 3138 Pasiphaam
1347 3055 1564 3140 ligneo
1623 3057 1929 3119 iuuencae
1985 3055 2326 3118 simulacro
2374 3051 2659 3116 abditam

287 3181 340 3222 πε,
371 3161 532 3244 iniit,
577 3166 652 3225 ut
697 3163 883 3227 multi
942 3165 1370 3246 spectantium
1432 3163 1861 3245 crediderunt3
1922 3161 2137 3226 Icarus
2184 3160 2392 3245 primo
2442 3159 2661 3222 statim

367 3273 604 3334 conatu
649 3269 830 3332 iuxta
875 3268 1240 3333 cubiculum
1289 3270 1424 3333 eius
1483 3269 1721 3332 decidit
1768 3271 2107 3353 ipsumque
2154 3289 2377 3332 cruore
2423 3286 2662 3348 resper-

369 3375 469 3438 sit.
534 3396 684 3438 nam
721 3395 980 3457 perraro
1017 3375 1394 3459 praesidere,
1433 3381 1713 3440 ceterum
1753 3376 2088 3458 accubans,
2125 3375 2341 3458 paruis
2377 3373 2659 3456 primum

368 3481 809 3565 foraminibus,
857 3480 1083 3545 deinde
1131 3487 1270 3546 toto
1307 3482 1502 3565 podio
1543 3482 1847 3564 adaperto
1896 3487 2180 3565 spectare
2229 3484 2659 3544 consueuerat.

514 3681 580 3728 15
619 3675 774 3744 Epit.
807 3679 857 3741 5,
886 3679 920 3728 3
957 3674 1018 3726 in
1056 3674 1192 3727 urbe
1231 3675 1711 3743 amphitheatrum
1741 3717 1752 3728 .
1777 3716 1788 3728 .
1814 3715 1825 3728 .
1856 3675 2178 3728 construxit.

513 3849 544 3896 5
584 3845 642 3896 et
678 3858 812 3896 sexu
849 3861 948 3897 om.
985 3844 1034 3898 G
1199 3849 1228 3895 6
1269 3843 1636 3911 supersedens
1676 3843 1771 3901 Lg
1810 3843 2001 3912 (moly.)
2173 3841 2563 3909 gatadromum
2592 3843 2662 3905 Ω,

369 3941 504 3978 συντ.
537 3940 608 3981 ες
645 3922 947 3992 (Beroald.)
1113 3929 1139 3975 '1
1181 3924 1505 3976 inscribitur
1544 3925 1818 3977 Erasmus
1974 3928 2038 3975 10
2078 3923 2268 3975 auium
2312 3923 2434 3987 65,
2472 3921 2661 3973 aulum

370 4005 460 4057 rel.
493 4005 604 4072 (Ω),
644 4020 839 4056 aurum
879 4021 956 4070 ρς
1103 4009 1166 4056 1‘1
1207 4005 1598 4072 quadragenos
1635 4004 1881 4071 Lipsius,
1920 4002 2297 4071 quadraginta
2337 4003 2592 4054 Vezdhuis

370 4085 768 4150 sexcentosque
785 4083 892 4136 Gn
901 4085 1122 4153 QLPT,
1141 4087 1356 4136 secent-
1373 4085 1427 4147 S,
1449 4099 1540 4136 sex
1549 4099 1868 4152 agenosque
1886 4084 2133 4151 Lipsius,
2150 4081 2444 4151 sexaginta
2462 4085 2527 4148 (et
2548 4087 2661 4133 tum

371 4165 598 4232 eosque)
629 4163 888 4217 Veldhuie
1034 4168 1098 4216 19
1131 4171 1257 4230 post
1292 4164 1546 4232 integrae
1585 4181 1697 4215 non
1735 4164 2029 4232 distinqui}
2060 4163 2296 4230 Madvig)
2442 4167 2504 4213 21
2546 4157 2663 4214 bel-

371 4243 480 4296 luis
513 4243 624 4298 BT
737 4243 1104 4310 pyrrichistas
1143 4244 1415 4310 quosdam
1457 4245 1709 4312 Madviy,
1748 4244 1822 4295 ad
1858 4243 2149 4310 pyrrichas
2188 4242 2461 4309 quosdam
2484 4241 2661 4295 Eme-

370 4325 444 4377 sti
551 4323 604 4394 e]
627 4321 666 4375 C
692 4322 830 4377 Oud.
942 4329 1008 4375 2⁶2.
1032 4323 1273 4375 edictam
1297 4325 1366 4377 M
1372 4325 1474 4377 GL
1487 4324 1628 4377 PSR.
1741 4329 1807 4375 24
1836 4322 2149 4390 pasiphaen
2176 4323 2246 4374 M
2273 4322 2361 4386 (cf.
2390 4321 2569 4375 Galba
2587 4325 2661 4389 2),

369 4403 648 4472 pasiphan
677 4405 746 4468 X,
779 4402 1078 4472 pasipham
1119 4404 1316 4471 (—phan
1347 4403 1447 4472 H2)
1487 4404 1544 4456 in
1587 4403 1705 4456 GR
1719 4403 1812 4468 11²¹,
1851 4402 2149 4471 pasipham
2188 4402 2329 4471 11¹0
2475 4407 2541 4453 26
2579 4402 2663 4469 ip-

373 4499 492 4535 sum
527 4481 579 4537 G
761 4487 827 4535 27
865 4499 1103 4550 paruum
1142 4483 1336 4551 primis
1367 4485 1438 4546 R,
1477 4484 1717 4552 primum
1754 4483 1944 4550 paruis
1975 4483 2085 4552 HQ
2267 4487 2331 4534 28
2371 4483 2665 4534 consuerat

378 4562 584 4617 M²XR
