<?xml version="1.0" encoding="UTF-8"?>
<!DOCTYPE html PUBLIC "-//W3C//DTD XHTML 1.0 Transitional//EN"
    "http://www.w3.org/TR/xhtml1/DTD/xhtml1-transitional.dtd">
<html xmlns="http://www.w3.org/1999/xhtml" xml:lang="en" lang="en">
 <head>
  <title>
</title>
<meta http-equiv="Content-Type" content="text/html;charset=utf-8" />
  <meta name='ocr-system' content='tesseract 3.04.00' />
  <meta name='ocr-capabilities' content='ocr_page ocr_carea ocr_par ocr_line ocrx_word'/>
</head>
<body>
  <div class='ocr_page' id='page_1' title='image "./csuetoniitranqu00ihmgoog_0383.png"; bbox 0 0 3259 5209; ppageno 0'>
   <div class='ocr_carea' id='block_1_1' title="bbox 960 393 2644 458">
    <p class='ocr_par' dir='ltr' id='par_1_1' title="bbox 960 393 2644 458">
     <span class='ocr_line' id='line_1_1' title="bbox 960 393 2644 458; baseline 0.004 -8"><span class='ocrx_word' id='word_1_1' title='bbox 960 397 1177 452; x_wconf 86' lang='lat' dir='ltr'>DIVVS</span> <span class='ocrx_word' id='word_1_2' title='bbox 1212 396 1710 452; x_wconf 79' lang='lat' dir='ltr'>VESPASIANVS</span> <span class='ocrx_word' id='word_1_3' title='bbox 1749 406 1882 456; x_wconf 69' lang='lat' dir='ltr'>[cn.</span> <span class='ocrx_word' id='word_1_4' title='bbox 1911 407 2034 456; x_wconf 73' lang='lat'>4—5]</span> <span class='ocrx_word' id='word_1_5' title='bbox 2519 393 2644 458; x_wconf 87' lang='lat'>311</span> 
     </span>
    </p>
   </div>
   <div class='ocr_carea' id='block_1_2' title="bbox 279 558 2734 3627">
    <p class='ocr_par' dir='ltr' id='par_1_2' title="bbox 354 558 2654 948">
     <span class='ocr_line' id='line_1_2' title="bbox 354 558 2653 646; baseline -0.002 -20"><span class='ocrx_word' id='word_1_6' title='bbox 354 563 589 644; x_wconf 86' lang='lat' dir='ltr'>ferunt,</span> <span class='ocrx_word' id='word_1_7' title='bbox 634 563 995 646; x_wconf 77' lang='lat' dir='ltr'>haruspicio</span> <span class='ocrx_word' id='word_1_8' title='bbox 1042 564 1307 645; x_wconf 82' lang='lat' dir='ltr'>insuper</span> <span class='ocrx_word' id='word_1_9' title='bbox 1342 560 1812 642; x_wconf 90' lang='lat' dir='ltr'>confirmatum,</span> <span class='ocrx_word' id='word_1_10' title='bbox 1857 558 2256 623; x_wconf 74' lang='lat' dir='ltr'><strong>renuntiasse</strong></span> <span class='ocrx_word' id='word_1_11' title='bbox 2292 558 2502 639; x_wconf 86' lang='lat' dir='ltr'>matri,</span> <span class='ocrx_word' id='word_1_12' title='bbox 2549 580 2653 621; x_wconf 91' lang='lat' dir='ltr'>ne-</span> 
     </span>
     <span class='ocr_line' id='line_1_3' title="bbox 354 664 2653 754; baseline -0.003 -20"><span class='ocrx_word' id='word_1_13' title='bbox 354 675 577 754; x_wconf 89' lang='lat' dir='ltr'>potem</span> <span class='ocrx_word' id='word_1_14' title='bbox 625 671 681 734; x_wconf 91' lang='lat' dir='ltr'>ei</span> <span class='ocrx_word' id='word_1_15' title='bbox 731 668 1063 734; x_wconf 87' lang='lat' dir='ltr'>Caesarem</span> <span class='ocrx_word' id='word_1_16' title='bbox 1111 670 1431 752; x_wconf 79' lang='lat' dir='ltr'>genitum3</span> <span class='ocrx_word' id='word_1_17' title='bbox 1478 689 1594 731; x_wconf 90' lang='lat' dir='ltr'>nec</span> <span class='ocrx_word' id='word_1_18' title='bbox 1641 667 1820 732; x_wconf 82' lang='lat' dir='ltr'>illam</span> <span class='ocrx_word' id='word_1_19' title='bbox 1858 668 2206 750; x_wconf 89' lang='lat' dir='ltr'>quicquam</span> <span class='ocrx_word' id='word_1_20' title='bbox 2243 664 2418 730; x_wconf 81' lang='lat' dir='ltr'>aliud</span> <span class='ocrx_word' id='word_1_21' title='bbox 2458 687 2653 747; x_wconf 89' lang='lat' dir='ltr'>quam</span> 
     </span>
     <span class='ocr_line' id='line_1_4' title="bbox 359 773 2654 858; baseline -0.002 -18"><span class='ocrx_word' id='word_1_22' title='bbox 359 775 798 858; x_wconf 87' lang='lat' dir='ltr'>cachinnasse,</span> <span class='ocrx_word' id='word_1_23' title='bbox 866 777 1203 840; x_wconf 88' lang='lat' dir='ltr'>mirantem</span> <span class='ocrx_word' id='word_1_24' title='bbox 1270 774 1475 858; x_wconf 89' lang='lat' dir='ltr'>quod</span> <span class='ocrx_word' id='word_1_25' title='bbox 1531 773 1774 838; x_wconf 86' lang='lat' dir='ltr'>adhuc</span> <span class='ocrx_word' id='word_1_26' title='bbox 1837 795 1912 837; x_wconf 89' lang='lat' dir='ltr'>se</span> <span class='ocrx_word' id='word_1_27' title='bbox 1967 773 2248 837; x_wconf 91' lang='lat' dir='ltr'>mentis</span> <span class='ocrx_word' id='word_1_28' title='bbox 2303 775 2654 855; x_wconf 89' lang='lat' dir='ltr'>compote</span> 
     </span>
     <span class='ocr_line' id='line_1_5' title="bbox 358 881 1436 948; baseline -0.002 -2"><span class='ocrx_word' id='word_1_29' title='bbox 358 883 728 948; x_wconf 70' lang='lat' dir='ltr'>deliraret</span> <span class='ocrx_word' id='word_1_30' title='bbox 770 884 919 946; x_wconf 89' lang='lat' dir='ltr'>iam</span> <span class='ocrx_word' id='word_1_31' title='bbox 967 881 1191 946; x_wconf 87' lang='lat' dir='ltr'>filius</span> <span class='ocrx_word' id='word_1_32' title='bbox 1240 903 1436 946; x_wconf 85' lang='lat' dir='ltr'>suus.</span> 
     </span>
    </p>

    <p class='ocr_par' dir='ltr' id='par_1_3' title="bbox 306 983 2724 1498">
     <span class='ocr_line' id='line_1_6' title="bbox 306 983 2724 1071; baseline -0.002 -17"><span class='ocrx_word' id='word_1_33' title='bbox 306 1014 331 1054; x_wconf 79' lang='lat'><strong>5</strong></span> <span class='ocrx_word' id='word_1_34' title='bbox 540 988 713 1068; x_wconf 85' lang='lat' dir='ltr'>Mox,</span> <span class='ocrx_word' id='word_1_35' title='bbox 778 1009 923 1052; x_wconf 85' lang='lat' dir='ltr'>cum</span> <span class='ocrx_word' id='word_1_36' title='bbox 990 987 1259 1053; x_wconf 82' lang='lat' dir='ltr'>aedilem</span> <span class='ocrx_word' id='word_1_37' title='bbox 1326 1008 1471 1051; x_wconf 92' lang='lat' dir='ltr'>eum</span> <span class='ocrx_word' id='word_1_38' title='bbox 1539 986 1606 1052; x_wconf 87' lang='lat' dir='ltr'>C.</span> <span class='ocrx_word' id='word_1_39' title='bbox 1674 983 1932 1071; x_wconf 85' lang='lat' dir='ltr'>Caesar,</span> <span class='ocrx_word' id='word_1_40' title='bbox 1996 1006 2372 1050; x_wconf 76' lang='lat' dir='ltr'>succensens</span> <span class='ocrx_word' id='word_1_41' title='bbox 2437 1005 2654 1048; x_wconf 87' lang='lat' dir='ltr'>curam</span> <span class='ocrx_word' id='word_1_42' title='bbox 2693 1001 2724 1048; x_wconf 84' lang='lat'><strong>3</strong></span> 
     </span>
     <span class='ocr_line' id='line_1_7' title="bbox 360 1092 2654 1176; baseline -0.002 -17"><span class='ocrx_word' id='word_1_43' title='bbox 360 1095 687 1159; x_wconf 87' lang='lat' dir='ltr'>uerrendis</span> <span class='ocrx_word' id='word_1_44' title='bbox 734 1094 859 1158; x_wconf 86' lang='lat' dir='ltr'>uiis</span> <span class='ocrx_word' id='word_1_45' title='bbox 906 1117 1037 1158; x_wconf 89' lang='lat' dir='ltr'>non</span> <span class='ocrx_word' id='word_1_46' title='bbox 1083 1093 1455 1174; x_wconf 71' lang='lat' dir='ltr'><strong>adhibitam,</strong></span> <span class='ocrx_word' id='word_1_47' title='bbox 1516 1093 1656 1156; x_wconf 91' lang='lat' dir='ltr'>luto</span> <span class='ocrx_word' id='word_1_48' title='bbox 1715 1094 2004 1158; x_wconf 87' lang='lat' dir='ltr'>iussisset</span> <span class='ocrx_word' id='word_1_49' title='bbox 2050 1092 2300 1176; x_wconf 90' lang='lat' dir='ltr'>oppleri</span> <span class='ocrx_word' id='word_1_50' title='bbox 2346 1094 2654 1175; x_wconf 86' lang='lat' dir='ltr'>congesto</span> 
     </span>
     <span class='ocr_line' id='line_1_8' title="bbox 360 1198 2657 1286; baseline -0.002 -20"><span class='ocrx_word' id='word_1_51' title='bbox 360 1224 476 1286; x_wconf 91' lang='lat' dir='ltr'>per</span> <span class='ocrx_word' id='word_1_52' title='bbox 520 1202 759 1266; x_wconf 79' lang='lat' dir='ltr'>milites</span> <span class='ocrx_word' id='word_1_53' title='bbox 806 1201 873 1264; x_wconf 90' lang='lat' dir='ltr'>in</span> <span class='ocrx_word' id='word_1_54' title='bbox 918 1205 1286 1283; x_wconf 78' lang='lat' dir='ltr'>praetextae</span> <span class='ocrx_word' id='word_1_55' title='bbox 1334 1201 1571 1282; x_wconf 88' lang='lat' dir='ltr'>sinum,</span> <span class='ocrx_word' id='word_1_56' title='bbox 1625 1222 1756 1264; x_wconf 90' lang='lat' dir='ltr'>non</span> <span class='ocrx_word' id='word_1_57' title='bbox 1804 1198 2146 1264; x_wconf 84' lang='lat' dir='ltr'>defuerunt</span> <span class='ocrx_word' id='word_1_58' title='bbox 2192 1198 2304 1282; x_wconf 90' lang='lat' dir='ltr'>qui</span> <span class='ocrx_word' id='word_1_59' title='bbox 2349 1198 2657 1281; x_wconf 88' lang='lat' dir='ltr'>interpre-</span> 
     </span>
     <span class='ocr_line' id='line_1_9' title="bbox 360 1304 2658 1391; baseline -0.001 -21"><span class='ocrx_word' id='word_1_60' title='bbox 360 1311 668 1391; x_wconf 88' lang='lat' dir='ltr'>tarentur,</span> <span class='ocrx_word' id='word_1_61' title='bbox 729 1307 1111 1391; x_wconf 83' lang='lat' dir='ltr'>quandoque</span> <span class='ocrx_word' id='word_1_62' title='bbox 1171 1309 1608 1390; x_wconf 76' lang='lat' dir='ltr'>proculcatam</span> <span class='ocrx_word' id='word_1_63' title='bbox 1671 1305 2117 1390; x_wconf 84' lang='lat' dir='ltr'>desertamque</span> <span class='ocrx_word' id='word_1_64' title='bbox 2174 1327 2309 1368; x_wconf 90' lang='lat' dir='ltr'>rem</span> <span class='ocrx_word' id='word_1_65' title='bbox 2370 1328 2433 1388; x_wconf 90' lang='lat' dir='ltr'>p.</span> <span class='ocrx_word' id='word_1_66' title='bbox 2482 1304 2658 1368; x_wconf 91' lang='lat' dir='ltr'>ciuili</span> 
     </span>
     <span class='ocr_line' id='line_1_10' title="bbox 360 1409 2658 1498; baseline -0.003 -20"><span class='ocrx_word' id='word_1_67' title='bbox 360 1415 577 1498; x_wconf 88' lang='lat' dir='ltr'>aliqua</span> <span class='ocrx_word' id='word_1_68' title='bbox 622 1415 1103 1498; x_wconf 80' lang='lat' dir='ltr'>perturbatione</span> <span class='ocrx_word' id='word_1_69' title='bbox 1148 1415 1212 1478; x_wconf 90' lang='lat' dir='ltr'>in</span> <span class='ocrx_word' id='word_1_70' title='bbox 1263 1413 1533 1478; x_wconf 84' lang='lat' dir='ltr'>tutelam</span> <span class='ocrx_word' id='word_1_71' title='bbox 1582 1414 1720 1478; x_wconf 88' lang='lat' dir='ltr'>eius</span> <span class='ocrx_word' id='word_1_72' title='bbox 1769 1435 1844 1478; x_wconf 90' lang='lat' dir='ltr'>ac</span> <span class='ocrx_word' id='word_1_73' title='bbox 1877 1413 2060 1476; x_wconf 89' lang='lat' dir='ltr'>uelut</span> <span class='ocrx_word' id='word_1_74' title='bbox 2095 1414 2164 1476; x_wconf 91' lang='lat' dir='ltr'>in</span> <span class='ocrx_word' id='word_1_75' title='bbox 2199 1413 2516 1498; x_wconf 85' lang='lat' dir='ltr'>gremium</span> <span class='ocrx_word' id='word_1_76' title='bbox 2557 1409 2658 1473; x_wconf 92' lang='lat' dir='ltr'>de-</span> 
     </span>
    </p>

    <p class='ocr_par' dir='ltr' id='par_1_4' title="bbox 279 1526 719 1585">
     <span class='ocr_line' id='line_1_11' title="bbox 279 1526 719 1585; baseline -0.002 0"><span class='ocrx_word' id='word_1_77' title='bbox 279 1548 334 1585; x_wconf 88' lang='lat'>10</span> <span class='ocrx_word' id='word_1_78' title='bbox 362 1526 719 1585; x_wconf 89' lang='lat' dir='ltr'>uenturam.</span> 
     </span>
    </p>

    <p class='ocr_par' dir='ltr' id='par_1_5' title="bbox 360 1625 2729 2029">
     <span class='ocr_line' id='line_1_12' title="bbox 538 1625 2729 1710; baseline -0.001 -20"><span class='ocrx_word' id='word_1_79' title='bbox 538 1625 901 1690; x_wconf 86' lang='lat' dir='ltr'>Prandente</span> <span class='ocrx_word' id='word_1_80' title='bbox 960 1648 1035 1691; x_wconf 92' lang='lat' dir='ltr'>eo</span> <span class='ocrx_word' id='word_1_81' title='bbox 1095 1627 1417 1710; x_wconf 87' lang='lat' dir='ltr'>quondam</span> <span class='ocrx_word' id='word_1_82' title='bbox 1483 1627 1660 1690; x_wconf 90' lang='lat' dir='ltr'>canis</span> <span class='ocrx_word' id='word_1_83' title='bbox 1707 1628 2024 1692; x_wconf 86' lang='lat' dir='ltr'>extrarius</span> <span class='ocrx_word' id='word_1_84' title='bbox 2073 1649 2107 1690; x_wconf 91' lang='lat' dir='ltr'>e</span> <span class='ocrx_word' id='word_1_85' title='bbox 2154 1626 2350 1690; x_wconf 87' lang='lat' dir='ltr'>triuio</span> <span class='ocrx_word' id='word_1_86' title='bbox 2397 1646 2658 1688; x_wconf 89' lang='lat' dir='ltr'>manum</span> <span class='ocrx_word' id='word_1_87' title='bbox 2697 1642 2729 1688; x_wconf 87' lang='grc'>4</span> 
     </span>
     <span class='ocr_line' id='line_1_13' title="bbox 360 1731 2660 1817; baseline -0.001 -21"><span class='ocrx_word' id='word_1_88' title='bbox 360 1734 705 1797; x_wconf 87' lang='lat' dir='ltr'>humanam</span> <span class='ocrx_word' id='word_1_89' title='bbox 785 1733 1007 1796; x_wconf 90' lang='lat' dir='ltr'>intulit</span> <span class='ocrx_word' id='word_1_90' title='bbox 1076 1755 1458 1817; x_wconf 87' lang='lat' dir='ltr'>mensaeque</span> <span class='ocrx_word' id='word_1_91' title='bbox 1528 1733 1819 1797; x_wconf 89' lang='lat' dir='ltr'>subiecit.</span> <span class='ocrx_word' id='word_1_92' title='bbox 1924 1737 2192 1798; x_wconf 83' lang='lat' dir='ltr'>cenante</span> <span class='ocrx_word' id='word_1_93' title='bbox 2259 1753 2482 1796; x_wconf 88' lang='lat' dir='ltr'>rursus</span> <span class='ocrx_word' id='word_1_94' title='bbox 2542 1731 2660 1794; x_wconf 90' lang='lat' dir='ltr'>bos</span> 
     </span>
     <span class='ocr_line' id='line_1_14' title="bbox 360 1837 2662 1924; baseline -0.002 -20"><span class='ocrx_word' id='word_1_95' title='bbox 360 1844 579 1904; x_wconf 88' lang='lat' dir='ltr'>arator</span> <span class='ocrx_word' id='word_1_96' title='bbox 647 1839 911 1903; x_wconf 89' lang='lat' dir='ltr'>decusso</span> <span class='ocrx_word' id='word_1_97' title='bbox 983 1839 1135 1924; x_wconf 84' lang='lat' dir='ltr'>iugo</span> <span class='ocrx_word' id='word_1_98' title='bbox 1206 1839 1557 1902; x_wconf 86' lang='lat' dir='ltr'>triclinium</span> <span class='ocrx_word' id='word_1_99' title='bbox 1620 1839 1856 1921; x_wconf 88' lang='lat' dir='ltr'>irrupit</span> <span class='ocrx_word' id='word_1_100' title='bbox 1915 1861 1988 1902; x_wconf 90' lang='lat' dir='ltr'>ac</span> <span class='ocrx_word' id='word_1_101' title='bbox 2047 1839 2290 1923; x_wconf 87' lang='lat' dir='ltr'>fugatis</span> <span class='ocrx_word' id='word_1_102' title='bbox 2351 1837 2662 1901; x_wconf 85' lang='lat' dir='ltr'>ministris</span> 
     </span>
     <span class='ocr_line' id='line_1_15' title="bbox 364 1943 2660 2029; baseline -0.002 -19"><span class='ocrx_word' id='word_1_103' title='bbox 364 1948 545 2029; x_wconf 87' lang='lat' dir='ltr'>quasi</span> <span class='ocrx_word' id='word_1_104' title='bbox 611 1951 871 2029; x_wconf 86' lang='lat' dir='ltr'>repente</span> <span class='ocrx_word' id='word_1_105' title='bbox 931 1945 1217 2010; x_wconf 89' lang='lat' dir='ltr'>defessus</span> <span class='ocrx_word' id='word_1_106' title='bbox 1274 1944 1554 2028; x_wconf 90' lang='lat' dir='ltr'>procidit</span> <span class='ocrx_word' id='word_1_107' title='bbox 1612 1944 1695 2008; x_wconf 88' lang='lat' dir='ltr'>ad</span> <span class='ocrx_word' id='word_1_108' title='bbox 1750 1947 1924 2028; x_wconf 88' lang='lat' dir='ltr'>ipsos</span> <span class='ocrx_word' id='word_1_109' title='bbox 1984 1944 2422 2008; x_wconf 86' lang='lat' dir='ltr'>accumbentis</span> <span class='ocrx_word' id='word_1_110' title='bbox 2468 1943 2660 2027; x_wconf 87' lang='lat' dir='ltr'>pedes</span> 
     </span>
    </p>

    <p class='ocr_par' dir='ltr' id='par_1_6' title="bbox 284 2049 2663 2348">
     <span class='ocr_line' id='line_1_16' title="bbox 284 2049 2659 2135; baseline -0.003 -17"><span class='ocrx_word' id='word_1_111' title='bbox 284 2079 335 2118; x_wconf 68' lang='grc' dir='ltr'>ιε</span> <span class='ocrx_word' id='word_1_112' title='bbox 366 2054 811 2135; x_wconf 91' lang='lat' dir='ltr'>ceruicemque</span> <span class='ocrx_word' id='word_1_113' title='bbox 858 2053 1195 2116; x_wconf 87' lang='lat' dir='ltr'>summisit.</span> <span class='ocrx_word' id='word_1_114' title='bbox 1288 2051 1484 2116; x_wconf 92' lang='lat' dir='ltr'>arbor</span> <span class='ocrx_word' id='word_1_115' title='bbox 1530 2074 1786 2135; x_wconf 92' lang='lat' dir='ltr'>quoque</span> <span class='ocrx_word' id='word_1_116' title='bbox 1825 2073 2162 2135; x_wconf 86' lang='lat' dir='ltr'>cupressus</span> <span class='ocrx_word' id='word_1_117' title='bbox 2193 2052 2260 2114; x_wconf 89' lang='lat' dir='ltr'>in</span> <span class='ocrx_word' id='word_1_118' title='bbox 2297 2072 2450 2135; x_wconf 84' lang='lat' dir='ltr'>agro</span> <span class='ocrx_word' id='word_1_119' title='bbox 2484 2049 2659 2114; x_wconf 89' lang='lat' dir='ltr'>auito</span> 
     </span>
     <span class='ocr_line' id='line_1_17' title="bbox 367 2158 2663 2242; baseline -0.003 -18"><span class='ocrx_word' id='word_1_120' title='bbox 367 2162 501 2224; x_wconf 89' lang='lat' dir='ltr'>sine</span> <span class='ocrx_word' id='word_1_121' title='bbox 549 2161 681 2222; x_wconf 81' lang='lat' dir='ltr'>ulla</span> <span class='ocrx_word' id='word_1_122' title='bbox 727 2159 795 2224; x_wconf 90' lang='lat' dir='ltr'>ui</span> <span class='ocrx_word' id='word_1_123' title='bbox 841 2160 1241 2242; x_wconf 88' lang='lat' dir='ltr'>tempestatis</span> <span class='ocrx_word' id='word_1_124' title='bbox 1288 2158 1511 2222; x_wconf 88' lang='lat' dir='ltr'>euulsa</span> <span class='ocrx_word' id='word_1_125' title='bbox 1558 2159 1865 2223; x_wconf 87' lang='lat' dir='ltr'>radicitus</span> <span class='ocrx_word' id='word_1_126' title='bbox 1912 2162 2104 2241; x_wconf 87' lang='lat' dir='ltr'>atque</span> <span class='ocrx_word' id='word_1_127' title='bbox 2141 2161 2464 2240; x_wconf 88' lang='lat' dir='ltr'>prostrata</span> <span class='ocrx_word' id='word_1_128' title='bbox 2503 2159 2663 2220; x_wconf 88' lang='lat' dir='ltr'>inse·</span> 
     </span>
     <span class='ocr_line' id='line_1_18' title="bbox 370 2265 1886 2348; baseline -0.001 -18"><span class='ocrx_word' id='word_1_129' title='bbox 370 2267 595 2348; x_wconf 89' lang='lat' dir='ltr'>quenti</span> <span class='ocrx_word' id='word_1_130' title='bbox 643 2265 743 2329; x_wconf 91' lang='lat' dir='ltr'>die</span> <span class='ocrx_word' id='word_1_131' title='bbox 791 2265 1062 2330; x_wconf 88' lang='lat' dir='ltr'>uiridior</span> <span class='ocrx_word' id='word_1_132' title='bbox 1108 2287 1180 2329; x_wconf 90' lang='lat' dir='ltr'>ac</span> <span class='ocrx_word' id='word_1_133' title='bbox 1226 2265 1476 2330; x_wconf 87' lang='lat' dir='ltr'>firmior</span> <span class='ocrx_word' id='word_1_134' title='bbox 1521 2267 1886 2329; x_wconf 83' lang='lat' dir='ltr'>resurrexit.</span> 
     </span>
    </p>

    <p class='ocr_par' dir='ltr' id='par_1_7' title="bbox 366 2369 2733 2562">
     <span class='ocr_line' id='line_1_19' title="bbox 546 2369 2733 2455; baseline -0.001 -19"><span class='ocrx_word' id='word_1_135' title='bbox 546 2371 635 2436; x_wconf 87' lang='lat' dir='ltr'>At</span> <span class='ocrx_word' id='word_1_136' title='bbox 691 2374 761 2435; x_wconf 91' lang='lat' dir='ltr'>in</span> <span class='ocrx_word' id='word_1_137' title='bbox 814 2371 1061 2438; x_wconf 85' lang='lat' dir='ltr'>Achaia</span> <span class='ocrx_word' id='word_1_138' title='bbox 1118 2373 1468 2436; x_wconf 85' lang='lat' dir='ltr'>somniauit</span> <span class='ocrx_word' id='word_1_139' title='bbox 1526 2373 1786 2435; x_wconf 89' lang='lat' dir='ltr'>initium</span> <span class='ocrx_word' id='word_1_140' title='bbox 1842 2371 1969 2435; x_wconf 91' lang='lat' dir='ltr'>sibi</span> <span class='ocrx_word' id='word_1_141' title='bbox 2024 2372 2286 2455; x_wconf 88' lang='lat' dir='ltr'>suisque</span> <span class='ocrx_word' id='word_1_142' title='bbox 2331 2369 2662 2435; x_wconf 86' lang='lat' dir='ltr'>felicitatis</span> <span class='ocrx_word' id='word_1_143' title='bbox 2703 2386 2733 2434; x_wconf 84' lang='lat'><strong>5</strong></span> 
     </span>
     <span class='ocr_line' id='line_1_20' title="bbox 366 2477 2663 2562; baseline -0.001 -20"><span class='ocrx_word' id='word_1_144' title='bbox 366 2480 677 2561; x_wconf 90' lang='lat' dir='ltr'>futurum,</span> <span class='ocrx_word' id='word_1_145' title='bbox 724 2479 916 2542; x_wconf 85' lang='lat' dir='ltr'>simul</span> <span class='ocrx_word' id='word_1_146' title='bbox 964 2499 1039 2542; x_wconf 90' lang='lat' dir='ltr'>ac</span> <span class='ocrx_word' id='word_1_147' title='bbox 1085 2478 1238 2542; x_wconf 89' lang='lat' dir='ltr'>dens</span> <span class='ocrx_word' id='word_1_148' title='bbox 1284 2477 1529 2543; x_wconf 86' lang='lat' dir='ltr'>Neroni</span> <span class='ocrx_word' id='word_1_149' title='bbox 1578 2482 1915 2562; x_wconf 88' lang='lat' dir='ltr'>exemptus</span> <span class='ocrx_word' id='word_1_150' title='bbox 1963 2483 2155 2562; x_wconf 83' lang='lat' dir='ltr'>esset3</span> <span class='ocrx_word' id='word_1_151' title='bbox 2201 2478 2542 2560; x_wconf 88' lang='lat' dir='ltr'>euenitque</span> <span class='ocrx_word' id='word_1_152' title='bbox 2589 2479 2663 2539; x_wconf 86' lang='lat' dir='ltr'>ut</span> 
     </span>
    </p>

    <p class='ocr_par' dir='ltr' id='par_1_8' title="bbox 286 2584 2663 2777">
     <span class='ocr_line' id='line_1_21' title="bbox 286 2584 2663 2670; baseline -0.003 -18"><span class='ocrx_word' id='word_1_153' title='bbox 286 2615 339 2652; x_wconf 78' lang='lat'>20</span> <span class='ocrx_word' id='word_1_154' title='bbox 368 2586 659 2670; x_wconf 87' lang='lat' dir='ltr'>sequenti</span> <span class='ocrx_word' id='word_1_155' title='bbox 715 2584 816 2648; x_wconf 89' lang='lat' dir='ltr'>die</span> <span class='ocrx_word' id='word_1_156' title='bbox 872 2607 1249 2670; x_wconf 85' lang='lat' dir='ltr'>progressus</span> <span class='ocrx_word' id='word_1_157' title='bbox 1310 2587 1378 2649; x_wconf 92' lang='lat' dir='ltr'>in</span> <span class='ocrx_word' id='word_1_158' title='bbox 1432 2586 1667 2649; x_wconf 87' lang='lat' dir='ltr'>atrium</span> <span class='ocrx_word' id='word_1_159' title='bbox 1717 2584 2000 2648; x_wconf 89' lang='lat' dir='ltr'>medicus</span> <span class='ocrx_word' id='word_1_160' title='bbox 2047 2584 2301 2648; x_wconf 89' lang='lat' dir='ltr'>dentem</span> <span class='ocrx_word' id='word_1_161' title='bbox 2351 2584 2404 2647; x_wconf 88' lang='lat' dir='ltr'>ei</span> <span class='ocrx_word' id='word_1_162' title='bbox 2457 2587 2663 2646; x_wconf 88' lang='lat' dir='ltr'>osten-</span> 
     </span>
     <span class='ocr_line' id='line_1_22' title="bbox 367 2692 1624 2777; baseline -0.001 -21"><span class='ocrx_word' id='word_1_163' title='bbox 367 2694 545 2758; x_wconf 88' lang='lat' dir='ltr'>deret</span> <span class='ocrx_word' id='word_1_164' title='bbox 590 2695 971 2774; x_wconf 85' lang='lat' dir='ltr'>tantumque</span> <span class='ocrx_word' id='word_1_165' title='bbox 1020 2692 1191 2774; x_wconf 91' lang='lat' dir='ltr'>quod</span> <span class='ocrx_word' id='word_1_166' title='bbox 1239 2697 1624 2777; x_wconf 86' lang='lat' dir='ltr'>exemptum.</span> 
     </span>
    </p>

    <p class='ocr_par' dir='ltr' id='par_1_9' title="bbox 366 2797 2734 3098">
     <span class='ocr_line' id='line_1_23' title="bbox 546 2797 2734 2883; baseline -0 -21"><span class='ocrx_word' id='word_1_167' title='bbox 546 2797 741 2883; x_wconf 86' lang='lat' dir='ltr'>Apud</span> <span class='ocrx_word' id='word_1_168' title='bbox 775 2797 1072 2862; x_wconf 86' lang='lat' dir='ltr'>Iudaeam</span> <span class='ocrx_word' id='word_1_169' title='bbox 1108 2798 1383 2862; x_wconf 87' lang='lat' dir='ltr'>Carmeli</span> <span class='ocrx_word' id='word_1_170' title='bbox 1422 2799 1520 2862; x_wconf 90' lang='lat' dir='ltr'>dei</span> <span class='ocrx_word' id='word_1_171' title='bbox 1562 2799 1891 2862; x_wconf 87' lang='lat' dir='ltr'>oraculum</span> <span class='ocrx_word' id='word_1_172' title='bbox 1931 2799 2366 2862; x_wconf 88' lang='lat' dir='ltr'>consulentem</span> <span class='ocrx_word' id='word_1_173' title='bbox 2398 2799 2490 2860; x_wconf 88' lang='lat' dir='ltr'>ita</span> <span class='ocrx_word' id='word_1_174' title='bbox 2519 2817 2664 2858; x_wconf 89' lang='lat' dir='ltr'>con·</span> <span class='ocrx_word' id='word_1_175' title='bbox 2703 2814 2734 2861; x_wconf 84' lang='lat'>6</span> 
     </span>
     <span class='ocr_line' id='line_1_24' title="bbox 366 2904 2664 2991; baseline -0.002 -22"><span class='ocrx_word' id='word_1_176' title='bbox 366 2907 705 2970; x_wconf 84' lang='lat' dir='ltr'>firmauere</span> <span class='ocrx_word' id='word_1_177' title='bbox 771 2910 1004 2988; x_wconf 87' lang='lat' dir='ltr'>sortes,</span> <span class='ocrx_word' id='word_1_178' title='bbox 1078 2911 1151 2968; x_wconf 89' lang='lat' dir='ltr'>ut</span> <span class='ocrx_word' id='word_1_179' title='bbox 1215 2905 1529 2989; x_wconf 87' lang='lat' dir='ltr'>quidquid</span> <span class='ocrx_word' id='word_1_180' title='bbox 1595 2907 1910 2991; x_wconf 85' lang='lat' dir='ltr'>cogitaret</span> <span class='ocrx_word' id='word_1_181' title='bbox 1970 2904 2386 2986; x_wconf 84' lang='lat' dir='ltr'>uolueretque</span> <span class='ocrx_word' id='word_1_182' title='bbox 2451 2904 2664 2965; x_wconf 89' lang='lat' dir='ltr'>animo</span> 
     </span>
     <span class='ocr_line' id='line_1_25' title="bbox 370 3011 2666 3098; baseline -0.002 -23"><span class='ocrx_word' id='word_1_183' title='bbox 370 3011 728 3095; x_wconf 87' lang='lat' dir='ltr'>quamlibet</span> <span class='ocrx_word' id='word_1_184' title='bbox 790 3035 1116 3098; x_wconf 84' lang='lat' dir='ltr'>magnum,</span> <span class='ocrx_word' id='word_1_185' title='bbox 1183 3011 1247 3074; x_wconf 91' lang='lat' dir='ltr'>id</span> <span class='ocrx_word' id='word_1_186' title='bbox 1312 3034 1451 3076; x_wconf 87' lang='lat' dir='ltr'>esse</span> <span class='ocrx_word' id='word_1_187' title='bbox 1515 3016 1980 3094; x_wconf 89' lang='lat' dir='ltr'>prouenturum</span> <span class='ocrx_word' id='word_1_188' title='bbox 2047 3011 2536 3094; x_wconf 82' lang='lat' dir='ltr'>pollicerentur3</span> <span class='ocrx_word' id='word_1_189' title='bbox 2601 3012 2666 3071; x_wconf 85' lang='lat' dir='ltr'>et</span> 
     </span>
    </p>

    <p class='ocr_par' dir='ltr' id='par_1_10' title="bbox 287 3116 2733 3627">
     <span class='ocr_line' id='line_1_26' title="bbox 287 3116 2665 3202; baseline -0.003 -16"><span class='ocrx_word' id='word_1_190' title='bbox 287 3147 341 3186; x_wconf 77' lang='lat'>25</span> <span class='ocrx_word' id='word_1_191' title='bbox 367 3140 535 3182; x_wconf 90' lang='lat' dir='ltr'>unus</span> <span class='ocrx_word' id='word_1_192' title='bbox 584 3141 661 3183; x_wconf 86' lang='lat' dir='ltr'>ex</span> <span class='ocrx_word' id='word_1_193' title='bbox 715 3118 1045 3183; x_wconf 88' lang='lat' dir='ltr'>nobilibus</span> <span class='ocrx_word' id='word_1_194' title='bbox 1104 3117 1378 3202; x_wconf 87' lang='lat' dir='ltr'>captiuis</span> <span class='ocrx_word' id='word_1_195' title='bbox 1424 3117 1754 3202; x_wconf 81' lang='lat' dir='ltr'>IosephuS,</span> <span class='ocrx_word' id='word_1_196' title='bbox 1813 3140 1956 3182; x_wconf 90' lang='lat' dir='ltr'>cum</span> <span class='ocrx_word' id='word_1_197' title='bbox 2016 3119 2368 3181; x_wconf 87' lang='lat' dir='ltr'>coiceretur</span> <span class='ocrx_word' id='word_1_198' title='bbox 2414 3117 2482 3180; x_wconf 91' lang='lat' dir='ltr'>in</span> <span class='ocrx_word' id='word_1_199' title='bbox 2529 3116 2665 3178; x_wconf 90' lang='lat' dir='ltr'>uin-</span> 
     </span>
     <span class='ocr_line' id='line_1_27' title="bbox 372 3222 2665 3308; baseline -0.002 -18"><span class='ocrx_word' id='word_1_200' title='bbox 372 3224 533 3308; x_wconf 88' lang='lat' dir='ltr'>cula,</span> <span class='ocrx_word' id='word_1_201' title='bbox 591 3226 1109 3290; x_wconf 84' lang='lat' dir='ltr'>constantissime</span> <span class='ocrx_word' id='word_1_202' title='bbox 1156 3228 1551 3288; x_wconf 85' lang='lat' dir='ltr'>asseuerauit</span> <span class='ocrx_word' id='word_1_203' title='bbox 1596 3224 1737 3290; x_wconf 87' lang='lat' dir='ltr'>fore</span> <span class='ocrx_word' id='word_1_204' title='bbox 1793 3229 1867 3287; x_wconf 92' lang='lat' dir='ltr'>ut</span> <span class='ocrx_word' id='word_1_205' title='bbox 1913 3225 1993 3288; x_wconf 86' lang='lat' dir='ltr'>ab</span> <span class='ocrx_word' id='word_1_206' title='bbox 2042 3224 2264 3287; x_wconf 91' lang='lat' dir='ltr'>eodem</span> <span class='ocrx_word' id='word_1_207' title='bbox 2312 3222 2492 3287; x_wconf 91' lang='lat' dir='ltr'>breui</span> <span class='ocrx_word' id='word_1_208' title='bbox 2545 3223 2665 3286; x_wconf 89' lang='lat' dir='ltr'>sol·</span> 
     </span>
     <span class='ocr_line' id='line_1_28' title="bbox 370 3329 2733 3415; baseline -0.001 -21"><span class='ocrx_word' id='word_1_209' title='bbox 370 3335 647 3414; x_wconf 68' lang='lat' dir='ltr'>uer-etur,</span> <span class='ocrx_word' id='word_1_210' title='bbox 710 3353 933 3395; x_wconf 86' lang='lat' dir='ltr'>uerum</span> <span class='ocrx_word' id='word_1_211' title='bbox 1000 3333 1126 3396; x_wconf 90' lang='lat' dir='ltr'>iam</span> <span class='ocrx_word' id='word_1_212' title='bbox 1194 3333 1596 3415; x_wconf 87' lang='lat' dir='ltr'>imperatore.</span> <span class='ocrx_word' id='word_1_213' title='bbox 1708 3332 2175 3396; x_wconf 86' lang='lat' dir='ltr'>nuntiabantur</span> <span class='ocrx_word' id='word_1_214' title='bbox 2238 3335 2300 3393; x_wconf 87' lang='lat' dir='ltr'>et</span> <span class='ocrx_word' id='word_1_215' title='bbox 2367 3353 2442 3394; x_wconf 89' lang='lat' dir='ltr'>ex</span> <span class='ocrx_word' id='word_1_216' title='bbox 2510 3329 2664 3392; x_wconf 91' lang='lat' dir='ltr'>urbe</span> <span class='ocrx_word' id='word_1_217' title='bbox 2705 3347 2733 3392; x_wconf 81' lang='lat'><strong>7</strong></span> 
     </span>
     <span class='ocr_line' id='line_1_29' title="bbox 369 3437 2666 3524; baseline -0.002 -22"><span class='ocrx_word' id='word_1_218' title='bbox 369 3439 730 3524; x_wconf 80' lang='lat' dir='ltr'>praesagia:</span> <span class='ocrx_word' id='word_1_219' title='bbox 777 3437 1100 3502; x_wconf 89' lang='lat' dir='ltr'>Neronem</span> <span class='ocrx_word' id='word_1_220' title='bbox 1150 3438 1375 3501; x_wconf 89' lang='lat' dir='ltr'>diebus</span> <span class='ocrx_word' id='word_1_221' title='bbox 1422 3437 1672 3501; x_wconf 89' lang='lat' dir='ltr'>ultimis</span> <span class='ocrx_word' id='word_1_222' title='bbox 1721 3439 2038 3503; x_wconf 91' lang='lat' dir='ltr'>monitum</span> <span class='ocrx_word' id='word_1_223' title='bbox 2085 3460 2202 3522; x_wconf 91' lang='lat' dir='ltr'>per</span> <span class='ocrx_word' id='word_1_224' title='bbox 2249 3438 2547 3520; x_wconf 87' lang='lat' dir='ltr'>quietem,</span> <span class='ocrx_word' id='word_1_225' title='bbox 2595 3438 2666 3497; x_wconf 93' lang='lat' dir='ltr'>ut</span> 
     </span>
     <span class='ocr_line' id='line_1_30' title="bbox 370 3541 2664 3627; baseline -0.001 -20"><span class='ocrx_word' id='word_1_226' title='bbox 370 3550 618 3608; x_wconf 87' lang='lat' dir='ltr'>tensam</span> <span class='ocrx_word' id='word_1_227' title='bbox 666 3543 841 3608; x_wconf 88' lang='lat' dir='ltr'>Iouis</span> <span class='ocrx_word' id='word_1_228' title='bbox 889 3543 1134 3627; x_wconf 90' lang='lat' dir='ltr'>Optimi</span> <span class='ocrx_word' id='word_1_229' title='bbox 1172 3545 1440 3608; x_wconf 82' lang='lat' dir='ltr'>Maximi</span> <span class='ocrx_word' id='word_1_230' title='bbox 1489 3569 1521 3607; x_wconf 89' lang='lat' dir='ltr'>e</span> <span class='ocrx_word' id='word_1_231' title='bbox 1562 3545 1838 3609; x_wconf 89' lang='lat' dir='ltr'>sacrario</span> <span class='ocrx_word' id='word_1_232' title='bbox 1879 3547 1947 3608; x_wconf 89' lang='lat' dir='ltr'>in</span> <span class='ocrx_word' id='word_1_233' title='bbox 1984 3545 2244 3608; x_wconf 90' lang='lat' dir='ltr'>domum</span> <span class='ocrx_word' id='word_1_234' title='bbox 2283 3541 2664 3627; x_wconf 88' lang='lat' dir='ltr'>Vespasiani</span> 
     </span>
    </p>
   </div>
   <div class='ocr_carea' id='block_1_3' title="bbox 377 3689 799 3696">
    <p class='ocr_par' dir='ltr' id='par_1_11' title="bbox 377 3689 799 3696">
     <span class='ocr_line' id='line_1_31' title="bbox 377 3689 799 3696; baseline 0 1513"><span class='ocrx_word' id='word_1_235' title='bbox 377 3689 799 3696; x_wconf 95' lang='lat' dir='ltr'> </span> 
     </span>
    </p>
   </div>
   <div class='ocr_carea' id='block_1_4' title="bbox 372 3771 2668 4083">
    <p class='ocr_par' dir='ltr' id='par_1_12' title="bbox 372 3771 2668 4083">
     <span class='ocr_line' id='line_1_32' title="bbox 516 3771 2667 3842; baseline -0.001 -15"><span class='ocrx_word' id='word_1_236' title='bbox 516 3780 581 3827; x_wconf 93' lang='grc'>22</span> <span class='ocrx_word' id='word_1_237' title='bbox 638 3793 690 3828; x_wconf 82' lang='lat' dir='ltr'>u.</span> <span class='ocrx_word' id='word_1_238' title='bbox 743 3774 818 3826; x_wconf 80' lang='lat' dir='ltr'>ad</span> <span class='ocrx_word' id='word_1_239' title='bbox 856 3792 914 3842; x_wconf 79' lang='lat' dir='ltr'>p.</span> <span class='ocrx_word' id='word_1_240' title='bbox 954 3779 1081 3838; x_wconf 83' lang='lat'>309,</span> <span class='ocrx_word' id='word_1_241' title='bbox 1110 3779 1183 3827; x_wconf 78' lang='lat'>25</span> <span class='ocrx_word' id='word_1_242' title='bbox 1393 3779 1460 3826; x_wconf 82' lang='grc'>25</span> <span class='ocrx_word' id='word_1_243' title='bbox 1522 3773 1672 3827; x_wconf 84' lang='lat' dir='ltr'>Oros.</span> <span class='ocrx_word' id='word_1_244' title='bbox 1716 3775 1835 3827; x_wconf 89' lang='lat' dir='ltr'>VII</span> <span class='ocrx_word' id='word_1_245' title='bbox 1867 3779 1973 3838; x_wconf 85' lang='lat'>9‚3</span> <span class='ocrx_word' id='word_1_246' title='bbox 2019 3773 2261 3826; x_wconf 87' lang='lat' dir='ltr'>maxime</span> <span class='ocrx_word' id='word_1_247' title='bbox 2309 3772 2532 3841; x_wconf 86' lang='lat' dir='ltr'>Iosephi</span> <span class='ocrx_word' id='word_1_248' title='bbox 2580 3771 2667 3824; x_wconf 87' lang='lat' dir='ltr'>Iu·</span> 
     </span>
     <span class='ocr_line' id='line_1_33' title="bbox 372 3852 2667 3922; baseline -0.003 -14"><span class='ocrx_word' id='word_1_249' title='bbox 372 3855 637 3908; x_wconf 85' lang='lat' dir='ltr'>dacorum</span> <span class='ocrx_word' id='word_1_250' title='bbox 684 3854 841 3908; x_wconf 88' lang='lat' dir='ltr'>ducis</span> <span class='ocrx_word' id='word_1_251' title='bbox 891 3855 1195 3919; x_wconf 86' lang='lat' dir='ltr'>sententia,</span> <span class='ocrx_word' id='word_1_252' title='bbox 1253 3853 1350 3922; x_wconf 90' lang='lat' dir='ltr'>qui</span> <span class='ocrx_word' id='word_1_253' title='bbox 1403 3855 1603 3922; x_wconf 85' lang='lat' dir='ltr'>captus</span> <span class='ocrx_word' id='word_1_254' title='bbox 1653 3869 1778 3905; x_wconf 91' lang='lat' dir='ltr'>cum</span> <span class='ocrx_word' id='word_1_255' title='bbox 1824 3853 1882 3906; x_wconf 90' lang='lat' dir='ltr'>in</span> <span class='ocrx_word' id='word_1_256' title='bbox 1929 3852 2120 3906; x_wconf 89' lang='lat' dir='ltr'>uincla</span> <span class='ocrx_word' id='word_1_257' title='bbox 2167 3853 2492 3918; x_wconf 81' lang='lat' dir='ltr'>coiceretur,</span> <span class='ocrx_word' id='word_1_258' title='bbox 2541 3868 2667 3904; x_wconf 89' lang='lat' dir='ltr'>con-</span> 
     </span>
     <span class='ocr_line' id='line_1_34' title="bbox 374 3931 2668 4001; baseline -0.003 -13"><span class='ocrx_word' id='word_1_259' title='bbox 374 3935 718 3989; x_wconf 82' lang='lat' dir='ltr'>stantissime</span> <span class='ocrx_word' id='word_1_260' title='bbox 757 3935 1002 4001; x_wconf 87' lang='lat' dir='ltr'>dixerat,</span> <span class='ocrx_word' id='word_1_261' title='bbox 1042 3936 1188 3988; x_wconf 87' lang='lat' dir='ltr'>sicut</span> <span class='ocrx_word' id='word_1_262' title='bbox 1226 3933 1525 3987; x_wconf 87' lang='lat' dir='ltr'>Suetonius</span> <span class='ocrx_word' id='word_1_263' title='bbox 1571 3932 1770 4000; x_wconf 83' lang='lat' dir='ltr'>refert,</span> <span class='ocrx_word' id='word_1_264' title='bbox 1819 3933 2084 3986; x_wconf 90' lang='lat' dir='ltr'>continuo</span> <span class='ocrx_word' id='word_1_265' title='bbox 2125 3949 2181 3986; x_wconf 90' lang='lat' dir='ltr'>se</span> <span class='ocrx_word' id='word_1_266' title='bbox 2221 3933 2292 3986; x_wconf 90' lang='lat' dir='ltr'>ab</span> <span class='ocrx_word' id='word_1_267' title='bbox 2333 3932 2530 3987; x_wconf 89' lang='lat' dir='ltr'>eodem</span> <span class='ocrx_word' id='word_1_268' title='bbox 2570 3931 2668 3984; x_wconf 87' lang='lat' dir='ltr'>sed</span> 
     </span>
     <span class='ocr_line' id='line_1_35' title="bbox 372 4012 2506 4083; baseline -0.002 -15"><span class='ocrx_word' id='word_1_269' title='bbox 372 4015 710 4083; x_wconf 87' lang='lat' dir='ltr'>imperatore</span> <span class='ocrx_word' id='word_1_270' title='bbox 768 4015 1097 4069; x_wconf 87' lang='lat' dir='ltr'>soluendum</span> <span class='ocrx_word' id='word_1_271' title='bbox 1146 4016 1301 4082; x_wconf 86' lang='lat' dir='ltr'><em>(VII</em></span> <span class='ocrx_word' id='word_1_272' title='bbox 1346 4020 1397 4078; x_wconf 86' lang='lat'>9,</span> <span class='ocrx_word' id='word_1_273' title='bbox 1430 4018 1463 4066; x_wconf 88' lang='lat'><em>7</em></span> <span class='ocrx_word' id='word_1_274' title='bbox 1510 4016 1739 4082; x_wconf 83' lang='lat' dir='ltr'>propter</span> <span class='ocrx_word' id='word_1_275' title='bbox 1782 4013 2134 4081; x_wconf 89' lang='lat' dir='ltr'>praedictum</span> <span class='ocrx_word' id='word_1_276' title='bbox 2171 4012 2506 4081; x_wconf 89' lang='lat' dir='ltr'>imperium).</span> 
     </span>
    </p>
   </div>
   <div class='ocr_carea' id='block_1_5' title="bbox 372 4137 799 4144">
    <p class='ocr_par' dir='ltr' id='par_1_13' title="bbox 372 4137 799 4144">
     <span class='ocr_line' id='line_1_36' title="bbox 372 4137 799 4144; baseline 0 0"><span class='ocrx_word' id='word_1_277' title='bbox 372 4137 799 4144; x_wconf 95' lang='lat' dir='ltr'> </span> 
     </span>
    </p>
   </div>
   <div class='ocr_carea' id='block_1_6' title="bbox 365 4215 2678 4610">
    <p class='ocr_par' dir='ltr' id='par_1_14' title="bbox 365 4215 2678 4610">
     <span class='ocr_line' id='line_1_37' title="bbox 518 4215 2668 4288; baseline -0.002 -15"><span class='ocrx_word' id='word_1_278' title='bbox 518 4226 549 4273; x_wconf 84' lang='lat'>5</span> <span class='ocrx_word' id='word_1_279' title='bbox 578 4237 875 4274; x_wconf 86' lang='lat' dir='ltr'>succensus</span> <span class='ocrx_word' id='word_1_280' title='bbox 897 4222 1090 4285; x_wconf 85' lang='lat' dir='ltr'>MLP,</span> <span class='ocrx_word' id='word_1_281' title='bbox 1130 4218 1372 4273; x_wconf 85' lang='lat' dir='ltr'>offensus</span> <span class='ocrx_word' id='word_1_282' title='bbox 1404 4222 1637 4288; x_wconf 72' lang='lat' dir='ltr'>Bentley</span> <span class='ocrx_word' id='word_1_283' title='bbox 1785 4226 1849 4271; x_wconf 82' lang='lat'>14</span> <span class='ocrx_word' id='word_1_284' title='bbox 1879 4218 2056 4287; x_wconf 85' lang='lat' dir='ltr'>ipsius</span> <span class='ocrx_word' id='word_1_285' title='bbox 2082 4235 2114 4276; x_wconf 90' lang='grc' dir='ltr'><strong><em>ς</em></strong></span> <span class='ocrx_word' id='word_1_286' title='bbox 2262 4223 2326 4270; x_wconf 83' lang='lat'>17</span> <span class='ocrx_word' id='word_1_287' title='bbox 2358 4215 2596 4270; x_wconf 86' lang='lat' dir='ltr'>surrexit</span> <span class='ocrx_word' id='word_1_288' title='bbox 2618 4216 2668 4269; x_wconf 76' lang='lat' dir='ltr'><strong><em>G</em></strong></span> 
     </span>
     <span class='ocr_line' id='line_1_38' title="bbox 376 4297 2670 4371; baseline -0.003 -17"><span class='ocrx_word' id='word_1_289' title='bbox 376 4307 441 4354; x_wconf 88' lang='grc'>18</span> <span class='ocrx_word' id='word_1_290' title='bbox 479 4300 552 4354; x_wconf 88' lang='lat' dir='ltr'>Et</span> <span class='ocrx_word' id='word_1_291' title='bbox 583 4300 687 4371; x_wconf 78' lang='lat' dir='ltr'>GQ</span> <span class='ocrx_word' id='word_1_292' title='bbox 830 4307 893 4353; x_wconf 83' lang='lat'>21</span> <span class='ocrx_word' id='word_1_293' title='bbox 936 4302 1268 4368; x_wconf 82' lang='lat' dir='ltr'>tantumque</span> <span class='ocrx_word' id='word_1_294' title='bbox 1299 4301 1449 4368; x_wconf 87' lang='lat' dir='ltr'>quod</span> <span class='ocrx_word' id='word_1_295' title='bbox 1480 4301 1552 4352; x_wconf 86' lang='lat' dir='ltr'><em>M</em></span> <span class='ocrx_word' id='word_1_296' title='bbox 1555 4299 1818 4369; x_wconf 64' lang='lat' dir='ltr'>GLPQB,</span> <span class='ocrx_word' id='word_1_297' title='bbox 1856 4301 2106 4351; x_wconf 86' lang='lat' dir='ltr'>recenter</span> <span class='ocrx_word' id='word_1_298' title='bbox 2129 4297 2279 4365; x_wconf 89' lang='lat' dir='ltr'>quod</span> <span class='ocrx_word' id='word_1_299' title='bbox 2311 4297 2381 4361; x_wconf 78' lang='lat' dir='ltr'>R,</span> <span class='ocrx_word' id='word_1_300' title='bbox 2418 4298 2670 4348; x_wconf 87' lang='lat' dir='ltr'>recenter</span> 
     </span>
     <span class='ocr_line' id='line_1_39' title="bbox 376 4377 2667 4448; baseline -0.003 -14"><span class='ocrx_word' id='word_1_301' title='bbox 376 4381 573 4447; x_wconf 77' lang='lat' dir='ltr'>11¹ST,</span> <span class='ocrx_word' id='word_1_302' title='bbox 630 4384 881 4435; x_wconf 89' lang='lat' dir='ltr'>recenter</span> <span class='ocrx_word' id='word_1_303' title='bbox 918 4381 1147 4448; x_wconf 89' lang='lat' dir='ltr'>quidem</span> <span class='ocrx_word' id='word_1_304' title='bbox 1185 4381 1286 4448; x_wconf 76' lang='lat' dir='ltr'>H2,</span> <span class='ocrx_word' id='word_1_305' title='bbox 1341 4383 1565 4434; x_wconf 86' lang='lat' dir='ltr'>tantum</span> <span class='ocrx_word' id='word_1_306' title='bbox 1602 4379 1754 4447; x_wconf 90' lang='lat' dir='ltr'>quod</span> <span class='ocrx_word' id='word_1_307' title='bbox 1794 4397 1826 4437; x_wconf 88' lang='grc' dir='ltr'><strong><em>ς</em></strong></span> <span class='ocrx_word' id='word_1_308' title='bbox 2004 4383 2070 4430; x_wconf 83' lang='grc'>24</span> <span class='ocrx_word' id='word_1_309' title='bbox 2109 4380 2254 4430; x_wconf 86' lang='lat' dir='ltr'>esset</span> <span class='ocrx_word' id='word_1_310' title='bbox 2296 4377 2346 4430; x_wconf 78' lang='lat' dir='ltr'><strong><em>G</em></strong></span> <span class='ocrx_word' id='word_1_311' title='bbox 2384 4377 2523 4444; x_wconf 80' lang='lat' dir='ltr'>(edd.</span> <span class='ocrx_word' id='word_1_312' title='bbox 2561 4382 2667 4429; x_wconf 68' lang='lat' dir='ltr'>uec.</span> 
     </span>
     <span class='ocr_line' id='line_1_40' title="bbox 365 4455 2668 4531; baseline -0.004 -15"><span class='ocrx_word' id='word_1_313' title='bbox 365 4463 573 4531; x_wconf 71' lang='lat' dir='ltr'>pluo-«23,</span> <span class='ocrx_word' id='word_1_314' title='bbox 603 4461 855 4528; x_wconf 63' lang='lat' dir='ltr'>Salmas„</span> <span class='ocrx_word' id='word_1_315' title='bbox 885 4462 1135 4530; x_wconf 74' lang='lat' dir='ltr'>Bentley)</span> <span class='ocrx_word' id='word_1_316' title='bbox 1272 4460 1331 4512; x_wconf 91' lang='lat' dir='ltr'>id</span> <span class='ocrx_word' id='word_1_317' title='bbox 1351 4467 1479 4528; x_wconf 74' lang='lat' dir='ltr'>post</span> <span class='ocrx_word' id='word_1_318' title='bbox 1506 4463 1906 4529; x_wconf 87' lang='lat' dir='ltr'>prouenturum</span> <span class='ocrx_word' id='word_1_319' title='bbox 1937 4459 2098 4511; x_wconf 70' lang='lat' dir='ltr'>ite-rat</span> <span class='ocrx_word' id='word_1_320' title='bbox 2131 4458 2181 4511; x_wconf 81' lang='lat' dir='ltr'><strong><em>G</em></strong></span> <span class='ocrx_word' id='word_1_321' title='bbox 2314 4463 2379 4509; x_wconf 85' lang='grc'>25</span> <span class='ocrx_word' id='word_1_322' title='bbox 2409 4455 2668 4524; x_wconf 88' lang='lat' dir='ltr'>captiuus</span> 
     </span>
     <span class='ocr_line' id='line_1_41' title="bbox 378 4536 2678 4610; baseline -0.003 -15"><span class='ocrx_word' id='word_1_323' title='bbox 378 4542 491 4596; x_wconf 81' lang='lat' dir='ltr'>HR</span> <span class='ocrx_word' id='word_1_324' title='bbox 599 4541 824 4610; x_wconf 85' lang='lat' dir='ltr'>iosepus</span> <span class='ocrx_word' id='word_1_325' title='bbox 859 4544 932 4595; x_wconf 82' lang='lat' dir='ltr'><em>M</em></span> <span class='ocrx_word' id='word_1_326' title='bbox 1037 4547 1101 4594; x_wconf 74' lang='grc'>27</span> <span class='ocrx_word' id='word_1_327' title='bbox 1134 4540 1456 4608; x_wconf 85' lang='lat' dir='ltr'>imperatori</span> <span class='ocrx_word' id='word_1_328' title='bbox 1481 4541 1660 4604; x_wconf 65' lang='lat' dir='ltr'>MGO,</span> <span class='ocrx_word' id='word_1_329' title='bbox 1701 4539 1772 4591; x_wconf 86' lang='lat' dir='ltr'>ab</span> <span class='ocrx_word' id='word_1_330' title='bbox 1802 4539 2140 4607; x_wconf 82' lang='lat' dir='ltr'>imperatore</span> <span class='ocrx_word' id='word_1_331' title='bbox 2171 4539 2216 4590; x_wconf 79' lang='lat' dir='ltr'>&#39;l&#39;</span> <span class='ocrx_word' id='word_1_332' title='bbox 2321 4539 2377 4591; x_wconf 86' lang='lat' dir='ltr'>et</span> <span class='ocrx_word' id='word_1_333' title='bbox 2405 4553 2504 4590; x_wconf 84' lang='lat' dir='ltr'>om.</span> <span class='ocrx_word' id='word_1_334' title='bbox 2529 4536 2678 4590; x_wconf 77' lang='lat' dir='ltr'>PST</span> 
     </span>
    </p>
   </div>
  </div>
 </body>
</html>
