3259 5209
629 423 757 486 154
1320 422 1377 477 C.
1417 421 1734 477 SVETONI
1770 421 2216 487 TRANQVILLI

625 589 924 670 rogatum
973 608 1119 650 eum
1166 585 1383 652 subito
1433 589 1498 650 et
1544 585 1713 650 clare
1759 608 1799 650 a
1845 586 2124 671 quodam
2169 607 2338 650 nano
2377 589 2627 650 astante
2663 607 2936 650 mensae

625 691 794 756 inter
849 713 1139 777 copreas,
1192 713 1307 757 cur
1352 691 1670 758 Paconius
1720 692 2074 758 maiestatis
2121 714 2268 758 reus
2314 697 2448 756 tam
2495 691 2606 756 diu
2652 693 2933 773 uiueret,

624 799 841 863 statim
894 798 1151 883 quidem
1204 798 1629 885 petulantiam
1685 800 1946 886 linguae
1994 800 2398 886 obiurgasse‚
2443 803 2727 863 ceterum
2774 803 2928 882 post

622 926 863 990 paucos
911 905 1047 970 dies
1094 907 1427 992 scripsisse
1466 908 1740 992 senatui,
1783 912 1856 972 ut
1903 907 1982 972 de
2017 929 2228 991 poena
2273 906 2514 972 Paconi
2553 927 2746 989 quam
2794 907 2928 989 pri-

622 1033 799 1076 mum
847 1017 1173 1078 statueret.
2995 1036 3026 1074 5

517 1116 607 1182 62
800 1118 1004 1184 Auxit
1048 1120 1451 1205 intenditque
1489 1121 1828 1187 saeuitiam
1867 1122 2282 1186 exacerbatus
2320 1119 2559 1184 indicio
2598 1119 2676 1184 de
2713 1125 2928 1183 morte

622 1225 745 1290 filii
802 1227 903 1291 sui
958 1226 1172 1292 Drusi.
1268 1250 1461 1311 quem
1517 1249 1665 1293 cum
1719 1229 1948 1292 morbo
2003 1231 2069 1290 et
2134 1225 2628 1312 intemperantia
2680 1225 2930 1310 perisse

623 1333 1045 1417 existimaret,
1104 1339 1178 1398 ut
1232 1335 1491 1399 tandem
1548 1355 1797 1399 ueneno
1855 1334 2314 1418 interemptum
2369 1333 2592 1398 fraude
2647 1332 2928 1396 Liuillae

624 1441 843 1504 uxoris
889 1445 1085 1524 atque
1132 1439 1348 1506 Seiani
1399 1442 1737 1527 cognouit,
1782 1449 2014 1524 neque'
2038 1440 2378 1505 tormentis
2423 1461 2633 1524 neque
2679 1437 2928 1523 suppli-

624 1547 724 1611 cio
781 1547 1159 1630 cuiusquam
1214 1549 1530 1632 pepercit,
1584 1548 1709 1613 soli
1763 1547 1916 1612 huic
1971 1547 2331 1634 cognitioni
2381 1545 2540 1612 adeo
2587 1568 2704 1630 per
2748 1549 2926 1609 totos
2965 1569 3024 1608 ιο

624 1653 759 1718 dies
804 1653 1059 1718 deditus
1116 1658 1180 1718 et
1235 1655 1549 1736 intentus,
1595 1660 1670 1719 ut
1715 1654 2148 1719 Rhodiensem
2197 1654 2550 1738 hospitem,
2597 1675 2795 1740 quem·
2833 1652 2928 1715 fa-

624 1759 987 1824 miliaribus
1029 1759 1266 1825 litteris
1312 1760 1585 1826 Romam
1636 1765 1955 1845 euocarat,
1998 1761 2334 1826 aduenisse
2381 1760 2507 1825 sibi
2553 1759 2924 1824 nuntiatum

623 1867 909 1951 torqueri
958 1866 1095 1931 sine
1141 1889 1323 1932 mora
1370 1869 1648 1950 iusserit,
1697 1868 1879 1952 quasi
1926 1868 2158 1951 aliquis
2197 1889 2277 1931 ex
2321 1866 2696 1933 necessariis
2735 1887 2926 1949 quae-

624 1973 823 2038 stioni
877 1973 1154 2057 adesset,
1218 1973 1445 2038 deinde
1500 1996 1714 2039 errore
1770 1974 2022 2039 detecto
2079 1978 2143 2039 et
2198 1973 2430 2058 occidi,
2489 1995 2572 2037 ne
2625 1972 2925 2058 uulgaret

552 2095 584 2142 2
624 2081 941 2146 iniuriam.
1044 2080 1448 2145 carnificinae
1512 2082 1650 2144 eius
1717 2081 2077 2145 ostenditur
2147 2080 2328 2146 locus
2393 2079 2654 2165 Capreis
2664 2131 2681 2162 ,
2755 2079 2924 2143 unde
2959 2103 3020 2142 ιο

625 2187 960 2252 damnatos
1004 2191 1154 2271 post
1198 2187 1395 2274 longa
1434 2192 1498 2252 et
1534 2187 1856 2272 exquisita
1891 2192 2216 2252 tormenta
2250 2186 2662 2273 praecipitari
2708 2208 2924 2253 coram

623 2316 689 2358 se
736 2296 803 2358 in
858 2316 1033 2358 mare
1080 2293 1371 2378 iubebat,
1426 2295 1790 2378 excipiente
1838 2294 2316 2359 classiariorum
2360 2317 2557 2359 manu
2603 2299 2668 2358 et
2714 2293 2922 2357 contis

623 2406 815 2486 atque
871 2401 1063 2466 remis
1120 2400 1393 2464 elidente
1450 2401 1783 2487 cadauera,
1840 2423 1920 2465 ne
1977 2402 2079 2465 cui
2137 2401 2376 2466 residui
2431 2400 2698 2485 spiritus
2745 2400 2922 2483 quic-

625 2529 815 2592 quam
881 2508 1135 2572 inesset.
1240 2509 1724 2594 excogitauerat
1789 2513 2003 2573 autem
2069 2508 2239 2573 inter
2302 2528 2538 2594 genera
2602 2507 2922 2572 cruciatus

624 2613 845 2698 etiam,
902 2619 974 2678 ut
1020 2613 1202 2700 larga
1247 2615 1407 2680 meri
1453 2616 1718 2699 potione
1765 2637 1880 2699 per
1925 2615 2242 2680 fallaciam
2289 2620 2616 2698 oneratos,
2659 2619 2922 2698 repente
2955 2635 3016 2676 20

566 2729 570 2732 ’
623 2721 895 2786 ueretris
942 2721 1268 2807 deligatis,
1322 2721 1729 2787 fidicularum
1786 2723 1978 2787 simul
2033 2722 2383 2806 urinaeque
2430 2726 2753 2787 tormento
2801 2721 2924 2786 dis-

554 2841 586 2888 3
626 2828 929 2893 tenderet.
1014 2828 1187 2913 quod
1231 2829 1360 2892 nisi
1406 2851 1553 2893 eum
1602 2834 1667 2895 et
1713 2851 1885 2894 mors
1939 2830 2377 2914 praeuenisset
2429 2833 2498 2893 et
2543 2827 2922 2912 Thrasyllus

624 2935 938 3018 consulto,
983 2939 1057 2999 ut
1103 2936 1305 3020 aiunt,
1349 2935 1603 3002 differre
1651 2938 1960 3020 quaedam
2009 2959 2123 3020 spe
2169 2936 2484 3022 longioris
2531 2934 2705 2999 uitae
2753 2957 2922 2998 com-

621 3043 921 3127 pulisset,
975 3043 1193 3126 plures
1259 3042 1589 3126 aliquanto
1655 3047 1998 3109 necaturus
2063 3065 2136 3108 ac
2199 3066 2279 3106 ne
2334 3042 2600 3126 reliquis
2661 3041 2920 3125 quidem

620 3149 967 3233 nepotibus
1013 3171 1320 3233 parsurus
1367 3150 1676 3234 creditur,
1734 3173 1878 3215 cum
1928 3155 1992 3214 et
2039 3147 2268 3214 Gaium
2316 3152 2686 3234 suspectum
2733 3148 2920 3212 habe·
2951 3168 3010 3209 ss

622 3261 718 3321 ret
766 3261 829 3320 et
866 3255 1197 3320 Tiberium
1244 3259 1317 3320 ut
1364 3279 1443 3320 ex
1490 3256 1806 3321 adulterio
1847 3262 2228 3340 conceptum
2266 3261 2731 3341 aspernaretur.
2805 3276 2922 3318 nec

622 3361 925 3426 abhorret
962 3385 999 3426 a
1035 3384 1218 3446 uer03
1261 3384 1537 3445 namque
1578 3363 1928 3426 identidem
1967 3362 2270 3426 felicem
2308 3361 2687 3426 Priamum
2735 3384 2922 3426 uoca-

621 3469 751 3552 bat,
797 3469 995 3551 quod
1043 3474 1437 3553 superstes
1486 3471 1821 3534 omnium
1869 3490 2178 3533 suorum
2225 3469 2643 3534 extitisset.

516 3568 610 3634 63
809 3574 1012 3651 Quam
1068 3578 1235 3640 inter
1286 3574 1445 3640 haec
1490 3598 1621 3639 non
1668 3576 1857 3640 modo
1914 3577 2164 3640 inuisus
2213 3599 2284 3640 ac
2331 3575 2755 3659 detestabilis,
2809 3575 2922 3640 sed

623 3682 1068 3767 praetrepidus
1107 3704 1362 3766 quoque
1402 3687 1594 3765 atque
1632 3683 1827 3747 etiam
1866 3683 2272 3746 contumeliis
2311 3683 2630 3750 obnoxius
2667 3683 2922 3767 uixerit,
2947 3701 3008 3742 so

623 3789 829 3852 multa
888 3789 1124 3853 indicia
1179 3795 1345 3853 sunt.
1428 3789 1800 3873 haruspices
1847 3794 2088 3855 secreto
2139 3811 2211 3853 ac
2266 3789 2402 3855 sine
2450 3789 2726 3854 testibus
2775 3812 2920 3855 con-

768 4079 795 4124 1
835 4072 1120 4140 quoddam
1144 4073 1217 4126 M
1322 4079 1352 4124 2
1392 4087 1621 4139 copreas
1646 4074 1718 4125 M
1727 4073 1847 4139 VR,
1886 4088 2116 4140 capreas
2147 4073 2239 4126 rel.
2271 4074 2359 4140 (cf.
2395 4072 2590 4128 Claud.
2613 4075 2668 4138 8)
2779 4087 2920 4140 pau-

622 4153 815 4205 conius
851 4156 897 4205 T
1003 4159 1036 4204 4
1072 4151 1338 4221 pauconii
1373 4155 1420 4204 Τ
1529 4157 1555 4203 ’ἲ
1597 4153 1676 4222 et]
1717 4168 1784 4205 ex
1825 4153 2158 4206 Cornelissen
2285 4151 2782 4220 intemperantiam
2813 4153 2920 4206 Me

622 4238 652 4288 8
690 4250 905 4286 ueneno
944 4251 1044 4287 om.
1066 4235 1127 4285 H
1138 4233 1207 4302 Q,
1256 4239 1378 4301 post
1425 4231 1824 4300 interemptum
1860 4233 2017 4286 habet
2054 4232 2096 4286 S
2271 4231 2648 4301 interceptum
2687 4233 2922 4301 Bentley

624 4319 689 4366 10
728 4313 991 4382 cuiquam
1014 4313 1065 4368 G
1177 4318 1241 4365 12
1280 4315 1545 4366 euocarat
1565 4315 1790 4378 (metat)
1822 4329 1854 4371 ς
1885 4311 2204 4380 (Beroald.)‚
2244 4312 2590 4366 euocabatss¹
2621 4312 2922 4380 (euocabat

620 4409 832 4446 romam
866 4394 936 4462 G)
1085 4398 1149 4446 17
1188 4409 1339 4445 mare
1372 4395 1431 4446 H
1436 4393 1625 4462 ¹QPT,
1665 4392 1808 4446 mari
1845 4393 1937 4445 rel.
1967 4395 2057 4460 (Ω)
2205 4397 2272 4445 20
2301 4391 2462 4461 larga
2500 4410 2637 4447 corr.
2669 4409 2737 4446 ex
2772 4390 2920 4460 largi

620 4475 707 4541 (m.
736 4473 823 4542 12³)
848 4476 921 4528 ΕΙ
1060 4479 1127 4525 23
1166 4472 1483 4541 impulisset
1513 4473 1745 4542 Bentley
1891 4479 1956 4524 25
1987 4472 2284 4540 nepotibus
2315 4490 2416 4527 om.
2442 4472 2494 4528 G‘·
2639 4479 2708 4525 30
2746 4471 2920 4526 etiam

622 4553 975 4607 contumeliis
1012 4553 1112 4607 del.
1146 4553 1455 4606 Salmasius
