<?xml version="1.0" encoding="UTF-8"?>
<!DOCTYPE html PUBLIC "-//W3C//DTD XHTML 1.0 Transitional//EN"
    "http://www.w3.org/TR/xhtml1/DTD/xhtml1-transitional.dtd">
<html xmlns="http://www.w3.org/1999/xhtml" xml:lang="en" lang="en">
 <head>
  <title>
</title>
<meta http-equiv="Content-Type" content="text/html;charset=utf-8" />
  <meta name='ocr-system' content='tesseract 3.04.00' />
  <meta name='ocr-capabilities' content='ocr_page ocr_carea ocr_par ocr_line ocrx_word'/>
</head>
<body>
  <div class='ocr_page' id='page_1' title='image "./csuetoniitranqu00ihmgoog_0321.png"; bbox 0 0 3259 5209; ppageno 0'>
   <div class='ocr_carea' id='block_1_1' title="bbox 1207 434 2638 498">
    <p class='ocr_par' dir='ltr' id='par_1_1' title="bbox 1207 434 2638 498">
     <span class='ocr_line' id='line_1_1' title="bbox 1207 434 2638 498; baseline 0.007 -10"><span class='ocrx_word' id='word_1_1' title='bbox 1207 435 1406 490; x_wconf 77' lang='lat' dir='ltr'>NERO</span> <span class='ocrx_word' id='word_1_2' title='bbox 1447 447 1577 496; x_wconf 68' lang='lat' dir='ltr'>[eff.</span> <span class='ocrx_word' id='word_1_3' title='bbox 1609 447 1785 496; x_wconf 69' lang='lat'><strong>28-31]</strong></span> <span class='ocrx_word' id='word_1_4' title='bbox 2510 434 2638 498; x_wconf 79' lang='grc'>249</span> 
     </span>
    </p>
   </div>
   <div class='ocr_carea' id='block_1_2' title="bbox 261 597 2715 2389">
    <p class='ocr_par' dir='ltr' id='par_1_2' title="bbox 339 597 2645 1006">
     <span class='ocr_line' id='line_1_2' title="bbox 339 597 2639 685; baseline -0.001 -21"><span class='ocrx_word' id='word_1_5' title='bbox 339 601 810 685; x_wconf 87' lang='lat' dir='ltr'><strong>profusionem:</strong></span> <span class='ocrx_word' id='word_1_6' title='bbox 866 599 1224 664; x_wconf 90' lang='lat' dir='ltr'>sordidos</span> <span class='ocrx_word' id='word_1_7' title='bbox 1271 620 1353 663; x_wconf 89' lang='lat' dir='ltr'>ac</span> <span class='ocrx_word' id='word_1_8' title='bbox 1400 600 1773 682; x_wconf 79' lang='lat' dir='ltr'>deparcos</span> <span class='ocrx_word' id='word_1_9' title='bbox 1819 619 1981 662; x_wconf 88' lang='lat' dir='ltr'>esse</span> <span class='ocrx_word' id='word_1_10' title='bbox 2031 598 2309 681; x_wconf 89' lang='lat' dir='ltr'>quibus</span> <span class='ocrx_word' id='word_1_11' title='bbox 2357 597 2639 682; x_wconf 88' lang='lat' dir='ltr'>impen-</span> 
     </span>
     <span class='ocr_line' id='line_1_3' title="bbox 341 705 2643 791; baseline -0.002 -19"><span class='ocrx_word' id='word_1_12' title='bbox 341 730 588 772; x_wconf 89' lang='lat' dir='ltr'>sarum</span> <span class='ocrx_word' id='word_1_13' title='bbox 629 707 828 771; x_wconf 86' lang='lat' dir='ltr'>ratio</span> <span class='ocrx_word' id='word_1_14' title='bbox 869 710 1289 789; x_wconf 87' lang='lat' dir='ltr'>constaret,</span> <span class='ocrx_word' id='word_1_15' title='bbox 1327 707 1771 790; x_wconf 78' lang='lat' dir='ltr'>praelautos</span> <span class='ocrx_word' id='word_1_16' title='bbox 1811 727 2140 790; x_wconf 91' lang='lat' dir='ltr'>uereque</span> <span class='ocrx_word' id='word_1_17' title='bbox 2180 705 2643 791; x_wconf 87' lang='lat' dir='ltr'>magnificos</span> 
     </span>
     <span class='ocr_line' id='line_1_4' title="bbox 342 811 2642 898; baseline -0.002 -20"><span class='ocrx_word' id='word_1_18' title='bbox 342 816 470 898; x_wconf 88' lang='lat' dir='ltr'>qui</span> <span class='ocrx_word' id='word_1_19' title='bbox 537 815 1040 878; x_wconf 79' lang='lat' dir='ltr'>abuterentur</span> <span class='ocrx_word' id='word_1_20' title='bbox 1105 835 1186 876; x_wconf 91' lang='lat' dir='ltr'>ac</span> <span class='ocrx_word' id='word_1_21' title='bbox 1249 813 1677 896; x_wconf 77' lang='lat' dir='ltr'>perderent.</span> <span class='ocrx_word' id='word_1_22' title='bbox 1788 811 2095 876; x_wconf 86' lang='lat' dir='ltr'>laudabat</span> <span class='ocrx_word' id='word_1_23' title='bbox 2158 811 2642 895; x_wconf 77' lang='lat' dir='ltr'>mirabaturque</span> 
     </span>
     <span class='ocr_line' id='line_1_5' title="bbox 341 918 2645 1006; baseline -0.001 -22"><span class='ocrx_word' id='word_1_24' title='bbox 341 921 732 985; x_wconf 87' lang='lat' dir='ltr'>auunculum</span> <span class='ocrx_word' id='word_1_25' title='bbox 772 918 1000 984; x_wconf 87' lang='lat' dir='ltr'>Gaium</span> <span class='ocrx_word' id='word_1_26' title='bbox 1038 919 1220 984; x_wconf 91' lang='lat' dir='ltr'>nullo</span> <span class='ocrx_word' id='word_1_27' title='bbox 1257 921 1466 1006; x_wconf 88' lang='lat' dir='ltr'>magis</span> <span class='ocrx_word' id='word_1_28' title='bbox 1502 921 1785 1001; x_wconf 86' lang='lat' dir='ltr'>nomine,</span> <span class='ocrx_word' id='word_1_29' title='bbox 1831 941 2024 1001; x_wconf 90' lang='lat' dir='ltr'>quam</span> <span class='ocrx_word' id='word_1_30' title='bbox 2070 919 2237 1000; x_wconf 91' lang='lat' dir='ltr'>quod</span> <span class='ocrx_word' id='word_1_31' title='bbox 2288 919 2569 1005; x_wconf 88' lang='lat' dir='ltr'>ingentis</span> <span class='ocrx_word' id='word_1_32' title='bbox 2606 941 2645 981; x_wconf 89' lang='lat' dir='ltr'>a</span> 
     </span>
    </p>

    <p class='ocr_par' dir='ltr' id='par_1_3' title="bbox 288 1025 2714 1537">
     <span class='ocr_line' id='line_1_6' title="bbox 288 1025 2714 1111; baseline -0.001 -21"><span class='ocrx_word' id='word_1_33' title='bbox 288 1053 312 1091; x_wconf 77' lang='lat'><strong>5</strong></span> <span class='ocrx_word' id='word_1_34' title='bbox 341 1027 602 1090; x_wconf 84' lang='lat' dir='ltr'>Tiberio</span> <span class='ocrx_word' id='word_1_35' title='bbox 631 1027 888 1092; x_wconf 88' lang='lat' dir='ltr'>relictas</span> <span class='ocrx_word' id='word_1_36' title='bbox 917 1048 1072 1111; x_wconf 89' lang='lat' dir='ltr'>opes</span> <span class='ocrx_word' id='word_1_37' title='bbox 1100 1027 1166 1091; x_wconf 90' lang='lat' dir='ltr'>in</span> <span class='ocrx_word' id='word_1_38' title='bbox 1195 1025 1374 1090; x_wconf 90' lang='lat' dir='ltr'>breui</span> <span class='ocrx_word' id='word_1_39' title='bbox 1407 1028 1618 1110; x_wconf 84' lang='lat' dir='ltr'>spatio</span> <span class='ocrx_word' id='word_1_40' title='bbox 1649 1025 2066 1110; x_wconf 82' lang='lat' dir='ltr'>prodegisset.</span> <span class='ocrx_word' id='word_1_41' title='bbox 2151 1047 2348 1107; x_wconf 90' lang='lat' dir='ltr'>quare</span> <span class='ocrx_word' id='word_1_42' title='bbox 2379 1046 2494 1089; x_wconf 91' lang='lat' dir='ltr'>nec</span> <span class='ocrx_word' id='word_1_43' title='bbox 2522 1027 2641 1088; x_wconf 84' lang='lat' dir='ltr'>lar·</span> <span class='ocrx_word' id='word_1_44' title='bbox 2682 1039 2714 1086; x_wconf 79' lang='lat'>2</span> 
     </span>
     <span class='ocr_line' id='line_1_7' title="bbox 343 1131 2643 1218; baseline -0.001 -21"><span class='ocrx_word' id='word_1_45' title='bbox 343 1134 559 1218; x_wconf 76' lang='lat' dir='ltr'>giendi</span> <span class='ocrx_word' id='word_1_46' title='bbox 598 1154 716 1199; x_wconf 91' lang='lat' dir='ltr'>nec</span> <span class='ocrx_word' id='word_1_47' title='bbox 753 1133 1128 1198; x_wconf 86' lang='lat' dir='ltr'>absumendi</span> <span class='ocrx_word' id='word_1_48' title='bbox 1168 1133 1432 1197; x_wconf 87' lang='lat' dir='ltr'>modum</span> <span class='ocrx_word' id='word_1_49' title='bbox 1469 1132 1695 1197; x_wconf 89' lang='lat' dir='ltr'>tenuit.</span> <span class='ocrx_word' id='word_1_50' title='bbox 1779 1133 1845 1196; x_wconf 90' lang='lat' dir='ltr'>in</span> <span class='ocrx_word' id='word_1_51' title='bbox 1894 1131 2263 1215; x_wconf 85' lang='lat' dir='ltr'>Tiridatem,</span> <span class='ocrx_word' id='word_1_52' title='bbox 2312 1131 2484 1213; x_wconf 92' lang='lat' dir='ltr'>quod</span> <span class='ocrx_word' id='word_1_53' title='bbox 2532 1133 2643 1194; x_wconf 82' lang='lat' dir='ltr'>uix</span> 
     </span>
     <span class='ocr_line' id='line_1_8' title="bbox 343 1238 2645 1324; baseline 0 -22"><span class='ocrx_word' id='word_1_54' title='bbox 343 1240 646 1304; x_wconf 81' lang='lat' dir='ltr'>credibile</span> <span class='ocrx_word' id='word_1_55' title='bbox 693 1240 1012 1324; x_wconf 86' lang='lat' dir='ltr'>uideatur,</span> <span class='ocrx_word' id='word_1_56' title='bbox 1069 1241 1412 1324; x_wconf 85' lang='lat' dir='ltr'>octingena</span> <span class='ocrx_word' id='word_1_57' title='bbox 1463 1261 1801 1303; x_wconf 90' lang='lat' dir='ltr'>nummum</span> <span class='ocrx_word' id='word_1_58' title='bbox 1852 1239 2033 1303; x_wconf 87' lang='lat' dir='ltr'>milia</span> <span class='ocrx_word' id='word_1_59' title='bbox 2079 1239 2306 1302; x_wconf 87' lang='lat' dir='ltr'>diurna</span> <span class='ocrx_word' id='word_1_60' title='bbox 2353 1238 2645 1320; x_wconf 85' lang='lat' dir='ltr'>erogauit</span> 
     </span>
     <span class='ocr_line' id='line_1_9' title="bbox 342 1343 2644 1430; baseline -0.001 -20"><span class='ocrx_word' id='word_1_61' title='bbox 342 1347 733 1429; x_wconf 83' lang='lat' dir='ltr'>abeuntique</span> <span class='ocrx_word' id='word_1_62' title='bbox 761 1369 953 1430; x_wconf 88' lang='lat' dir='ltr'>super</span> <span class='ocrx_word' id='word_1_63' title='bbox 981 1347 1346 1411; x_wconf 85' lang='lat' dir='ltr'>sestertium</span> <span class='ocrx_word' id='word_1_64' title='bbox 1375 1346 1586 1409; x_wconf 89' lang='lat' dir='ltr'>milies</span> <span class='ocrx_word' id='word_1_65' title='bbox 1616 1346 1907 1409; x_wconf 89' lang='lat' dir='ltr'>eontulit.</span> <span class='ocrx_word' id='word_1_66' title='bbox 1974 1345 2380 1410; x_wconf 81' lang='lat' dir='ltr'>Menecraten</span> <span class='ocrx_word' id='word_1_67' title='bbox 2414 1343 2644 1408; x_wconf 87' lang='lat' dir='ltr'>cithar-</span> 
     </span>
     <span class='ocr_line' id='line_1_10' title="bbox 344 1451 2641 1537; baseline -0.001 -20"><span class='ocrx_word' id='word_1_68' title='bbox 344 1454 578 1518; x_wconf 90' lang='lat' dir='ltr'>oedum</span> <span class='ocrx_word' id='word_1_69' title='bbox 617 1459 680 1516; x_wconf 91' lang='lat' dir='ltr'>et</span> <span class='ocrx_word' id='word_1_70' title='bbox 710 1451 1042 1537; x_wconf 86' lang='lat' dir='ltr'>Spiculum</span> <span class='ocrx_word' id='word_1_71' title='bbox 1085 1451 1557 1516; x_wconf 89' lang='lat' dir='ltr'>murmillonem</span> <span class='ocrx_word' id='word_1_72' title='bbox 1598 1451 2091 1535; x_wconf 86' lang='lat' dir='ltr'>triumphalium</span> <span class='ocrx_word' id='word_1_73' title='bbox 2128 1453 2419 1515; x_wconf 89' lang='lat' dir='ltr'>uirorum</span> <span class='ocrx_word' id='word_1_74' title='bbox 2446 1453 2641 1535; x_wconf 90' lang='lat' dir='ltr'>patri-</span> 
     </span>
    </p>

    <p class='ocr_par' dir='ltr' id='par_1_4' title="bbox 261 1557 2715 2070">
     <span class='ocr_line' id='line_1_11' title="bbox 261 1557 2644 1643; baseline 0 -21"><span class='ocrx_word' id='word_1_75' title='bbox 261 1583 314 1622; x_wconf 79' lang='grc' dir='ltr'>ιο</span> <span class='ocrx_word' id='word_1_76' title='bbox 343 1561 582 1623; x_wconf 88' lang='lat' dir='ltr'>moniis</span> <span class='ocrx_word' id='word_1_77' title='bbox 628 1559 1018 1643; x_wconf 83' lang='lat' dir='ltr'>aedibusque</span> <span class='ocrx_word' id='word_1_78' title='bbox 1075 1559 1356 1623; x_wconf 88' lang='lat' dir='ltr'>donauit.</span> <span class='ocrx_word' id='word_1_79' title='bbox 1449 1558 1964 1642; x_wconf 87' lang='lat' dir='ltr'>cercopithecum</span> <span class='ocrx_word' id='word_1_80' title='bbox 2010 1557 2389 1621; x_wconf 86' lang='lat' dir='ltr'>Panerotem</span> <span class='ocrx_word' id='word_1_81' title='bbox 2436 1559 2644 1622; x_wconf 87' lang='lat' dir='ltr'>faene-</span> 
     </span>
     <span class='ocr_line' id='line_1_12' title="bbox 341 1645 2645 1750; baseline -0.001 -20"><span class='ocrx_word' id='word_1_82' title='bbox 341 1673 622 1730; x_wconf 87' lang='lat' dir='ltr'>ratorem</span> <span class='ocrx_word' id='word_1_83' title='bbox 685 1671 750 1730; x_wconf 90' lang='lat' dir='ltr'>et</span> <span class='ocrx_word' id='word_1_84' title='bbox 808 1667 1070 1730; x_wconf 89' lang='lat' dir='ltr'>urbanis</span> <span class='ocrx_word' id='word_1_85' title='bbox 1131 1667 1515 1749; x_wconf 86' lang='lat' dir='ltr'>rusticisque</span> <span class='ocrx_word' id='word_1_86' title='bbox 1545 1693 1548 1696; x_wconf 47' lang='lat'><strong>⁴</strong></span> <span class='ocrx_word' id='word_1_87' title='bbox 1579 1665 1857 1749; x_wconf 87' lang='lat' dir='ltr'>praediis</span> <span class='ocrx_word' id='word_1_88' title='bbox 1920 1666 2388 1750; x_wconf 88' lang='lat' dir='ltr'>locupletatum</span> <span class='ocrx_word' id='word_1_89' title='bbox 2444 1645 2645 1748; x_wconf 79' lang='lat' dir='ltr'>prope</span> 
     </span>
     <span class='ocr_line' id='line_1_13' title="bbox 339 1771 2715 1858; baseline -0.003 -21"><span class='ocrx_word' id='word_1_90' title='bbox 339 1775 522 1858; x_wconf 88' lang='lat' dir='ltr'>regio</span> <span class='ocrx_word' id='word_1_91' title='bbox 569 1774 804 1838; x_wconf 85' lang='lat' dir='ltr'>extulit</span> <span class='ocrx_word' id='word_1_92' title='bbox 839 1774 1078 1837; x_wconf 86' lang='lat' dir='ltr'>funere.</span> <span class='ocrx_word' id='word_1_93' title='bbox 1161 1772 1406 1837; x_wconf 90' lang='lat' dir='ltr'>nullam</span> <span class='ocrx_word' id='word_1_94' title='bbox 1451 1776 1699 1836; x_wconf 87' lang='lat' dir='ltr'>uestem</span> <span class='ocrx_word' id='word_1_95' title='bbox 1740 1772 1841 1836; x_wconf 91' lang='lat' dir='ltr'>bis</span> <span class='ocrx_word' id='word_1_96' title='bbox 1878 1772 2104 1836; x_wconf 90' lang='lat' dir='ltr'>induit.</span> <span class='ocrx_word' id='word_1_97' title='bbox 2189 1771 2643 1856; x_wconf 86' lang='lat' dir='ltr'>quadringenis</span> <span class='ocrx_word' id='word_1_98' title='bbox 2683 1785 2715 1831; x_wconf 84' lang='lat'><strong>3</strong></span> 
     </span>
     <span class='ocr_line' id='line_1_14' title="bbox 345 1878 2646 1963; baseline -0.001 -20"><span class='ocrx_word' id='word_1_99' title='bbox 345 1881 412 1943; x_wconf 92' lang='lat' dir='ltr'>in</span> <span class='ocrx_word' id='word_1_100' title='bbox 458 1885 770 1963; x_wconf 85' lang='lat' dir='ltr'>punctum</span> <span class='ocrx_word' id='word_1_101' title='bbox 819 1881 1128 1944; x_wconf 84' lang='lat' dir='ltr'>sestertiis</span> <span class='ocrx_word' id='word_1_102' title='bbox 1167 1879 1372 1943; x_wconf 89' lang='lat' dir='ltr'>aleam</span> <span class='ocrx_word' id='word_1_103' title='bbox 1417 1879 1593 1943; x_wconf 90' lang='lat' dir='ltr'>lusit.</span> <span class='ocrx_word' id='word_1_104' title='bbox 1674 1878 1957 1962; x_wconf 85' lang='lat' dir='ltr'>piscatus</span> <span class='ocrx_word' id='word_1_105' title='bbox 1996 1881 2095 1942; x_wconf 90' lang='lat' dir='ltr'>est</span> <span class='ocrx_word' id='word_1_106' title='bbox 2130 1883 2265 1942; x_wconf 88' lang='lat' dir='ltr'>rete</span> <span class='ocrx_word' id='word_1_107' title='bbox 2312 1883 2534 1942; x_wconf 88' lang='lat' dir='ltr'>aurato</span> <span class='ocrx_word' id='word_1_108' title='bbox 2582 1883 2646 1941; x_wconf 91' lang='lat' dir='ltr'>et</span> 
     </span>
     <span class='ocr_line' id='line_1_15' title="bbox 345 1984 2643 2070; baseline -0.001 -21"><span class='ocrx_word' id='word_1_109' title='bbox 345 2009 634 2070; x_wconf 87' lang='lat' dir='ltr'>purpura</span> <span class='ocrx_word' id='word_1_110' title='bbox 682 2007 1000 2069; x_wconf 89' lang='lat' dir='ltr'>coccoque</span> <span class='ocrx_word' id='word_1_111' title='bbox 1047 1986 1310 2049; x_wconf 84' lang='lat' dir='ltr'>funibus</span> <span class='ocrx_word' id='word_1_112' title='bbox 1356 1986 1556 2050; x_wconf 79' lang='lat' dir='ltr'>nexis,</span> <span class='ocrx_word' id='word_1_113' title='bbox 1638 2007 1993 2069; x_wconf 88' lang='lat' dir='ltr'>numquam</span> <span class='ocrx_word' id='word_1_114' title='bbox 2040 1986 2252 2048; x_wconf 88' lang='lat' dir='ltr'>minus</span> <span class='ocrx_word' id='word_1_115' title='bbox 2292 1984 2469 2048; x_wconf 90' lang='lat' dir='ltr'>mille</span> <span class='ocrx_word' id='word_1_116' title='bbox 2516 2007 2643 2048; x_wconf 88' lang='lat' dir='ltr'>car-</span> 
     </span>
    </p>

    <p class='ocr_par' dir='ltr' id='par_1_5' title="bbox 266 2091 2647 2389">
     <span class='ocr_line' id='line_1_16' title="bbox 266 2091 2647 2177; baseline 0 -23"><span class='ocrx_word' id='word_1_117' title='bbox 266 2115 316 2154; x_wconf 83' lang='lat'>15</span> <span class='ocrx_word' id='word_1_118' title='bbox 347 2094 517 2156; x_wconf 87' lang='lat' dir='ltr'>rucis</span> <span class='ocrx_word' id='word_1_119' title='bbox 575 2092 802 2156; x_wconf 89' lang='lat' dir='ltr'>fecisse</span> <span class='ocrx_word' id='word_1_120' title='bbox 860 2093 984 2156; x_wconf 85' lang='lat' dir='ltr'>iter</span> <span class='ocrx_word' id='word_1_121' title='bbox 1039 2093 1342 2174; x_wconf 86' lang='lat' dir='ltr'>traditur,</span> <span class='ocrx_word' id='word_1_122' title='bbox 1399 2093 1591 2155; x_wconf 86' lang='lat' dir='ltr'>soleis</span> <span class='ocrx_word' id='word_1_123' title='bbox 1636 2091 1953 2155; x_wconf 89' lang='lat' dir='ltr'>mularum</span> <span class='ocrx_word' id='word_1_124' title='bbox 2004 2092 2351 2177; x_wconf 77' lang='lat' dir='ltr'>argenteiS,</span> <span class='ocrx_word' id='word_1_125' title='bbox 2400 2092 2647 2156; x_wconf 88' lang='lat' dir='ltr'>canusi-</span> 
     </span>
     <span class='ocr_line' id='line_1_17' title="bbox 347 2197 2645 2282; baseline -0.001 -19"><span class='ocrx_word' id='word_1_126' title='bbox 347 2200 516 2263; x_wconf 86' lang='lat' dir='ltr'>natis</span> <span class='ocrx_word' id='word_1_127' title='bbox 563 2198 960 2262; x_wconf 90' lang='lat' dir='ltr'>mulionibus</span> <span class='ocrx_word' id='word_1_128' title='bbox 970 2249 988 2282; x_wconf 87' lang='lat'>,</span> <span class='ocrx_word' id='word_1_129' title='bbox 1041 2199 1364 2262; x_wconf 88' lang='lat' dir='ltr'>armillata</span> <span class='ocrx_word' id='word_1_130' title='bbox 1418 2197 1877 2281; x_wconf 87' lang='lat' dir='ltr'>phalerataque</span> <span class='ocrx_word' id='word_1_131' title='bbox 1934 2199 2259 2262; x_wconf 83' lang='lat' dir='ltr'>Mazacum</span> <span class='ocrx_word' id='word_1_132' title='bbox 2320 2197 2509 2262; x_wconf 88' lang='lat' dir='ltr'>turba</span> <span class='ocrx_word' id='word_1_133' title='bbox 2554 2203 2645 2261; x_wconf 85' lang='lat' dir='ltr'>at-</span> 
     </span>
     <span class='ocr_line' id='line_1_18' title="bbox 350 2327 869 2389; baseline 0.002 -21"><span class='ocrx_word' id='word_1_134' title='bbox 350 2328 477 2389; x_wconf 90' lang='lat' dir='ltr'>que</span> <span class='ocrx_word' id='word_1_135' title='bbox 522 2327 869 2370; x_wconf 85' lang='lat' dir='ltr'>cursorum.</span> 
     </span>
    </p>
   </div>
   <div class='ocr_carea' id='block_1_3' title="bbox 525 2403 2748 2496">
    <p class='ocr_par' dir='ltr' id='par_1_6' title="bbox 525 2403 2748 2496">
     <span class='ocr_line' id='line_1_19' title="bbox 525 2403 2748 2496; baseline -0.003 -20"><span class='ocrx_word' id='word_1_136' title='bbox 525 2411 680 2476; x_wconf 89' lang='lat' dir='ltr'>Non</span> <span class='ocrx_word' id='word_1_137' title='bbox 735 2413 802 2477; x_wconf 85' lang='lat' dir='ltr'>in</span> <span class='ocrx_word' id='word_1_138' title='bbox 859 2413 984 2477; x_wconf 85' lang='lat' dir='ltr'>alia</span> <span class='ocrx_word' id='word_1_139' title='bbox 1046 2435 1114 2476; x_wconf 92' lang='lat' dir='ltr'>re</span> <span class='ocrx_word' id='word_1_140' title='bbox 1180 2418 1395 2477; x_wconf 87' lang='lat' dir='ltr'>tamen</span> <span class='ocrx_word' id='word_1_141' title='bbox 1453 2411 1825 2475; x_wconf 87' lang='lat' dir='ltr'>damnosior</span> <span class='ocrx_word' id='word_1_142' title='bbox 1880 2433 2073 2494; x_wconf 86' lang='lat' dir='ltr'>quam</span> <span class='ocrx_word' id='word_1_143' title='bbox 2130 2415 2195 2476; x_wconf 90' lang='lat' dir='ltr'>in</span> <span class='ocrx_word' id='word_1_144' title='bbox 2254 2403 2748 2496; x_wconf 79' lang='lat' dir='ltr'>aedificando3l</span> 
     </span>
    </p>
   </div>
   <div class='ocr_carea' id='block_1_4' title="bbox 348 2531 776 2538">
    <p class='ocr_par' dir='ltr' id='par_1_7' title="bbox 348 2531 776 2538">
     <span class='ocr_line' id='line_1_20' title="bbox 348 2531 776 2538; baseline 0 0"><span class='ocrx_word' id='word_1_145' title='bbox 348 2531 776 2538; x_wconf 95' lang='lat' dir='ltr'> </span> 
     </span>
    </p>
   </div>
   <div class='ocr_carea' id='block_1_5' title="bbox 344 2577 2650 3524">
    <p class='ocr_par' dir='ltr' id='par_1_8' title="bbox 344 2577 2650 3524">
     <span class='ocr_line' id='line_1_21' title="bbox 495 2577 2647 2648; baseline 0 -18"><span class='ocrx_word' id='word_1_146' title='bbox 495 2585 526 2630; x_wconf 85' lang='lat'><strong>3</strong></span> <span class='ocrx_word' id='word_1_147' title='bbox 565 2579 800 2647; x_wconf 71' lang='lat' dir='ltr'>Eutrop.</span> <span class='ocrx_word' id='word_1_148' title='bbox 835 2580 958 2632; x_wconf 86' lang='lat' dir='ltr'>VII</span> <span class='ocrx_word' id='word_1_149' title='bbox 977 2583 1080 2642; x_wconf 66' lang='lat'>14,</span> <span class='ocrx_word' id='word_1_150' title='bbox 1106 2585 1134 2632; x_wconf 84' lang='lat'><strong><em>1</em></strong></span> <span class='ocrx_word' id='word_1_151' title='bbox 1175 2577 1483 2646; x_wconf 82' lang='lat' dir='ltr'>Caligulae,</span> <span class='ocrx_word' id='word_1_152' title='bbox 1532 2577 1811 2631; x_wconf 83' lang='lat' dir='ltr'>auunculo</span> <span class='ocrx_word' id='word_1_153' title='bbox 1861 2594 1978 2642; x_wconf 83' lang='lat' dir='ltr'>suc,</span> <span class='ocrx_word' id='word_1_154' title='bbox 2016 2577 2365 2645; x_wconf 87' lang='lat' dir='ltr'>simillimus,</span> <span class='ocrx_word' id='word_1_155' title='bbox 2403 2579 2500 2648; x_wconf 89' lang='lat' dir='ltr'>qui</span> <span class='ocrx_word' id='word_1_156' title='bbox 2538 2579 2647 2631; x_wconf 77' lang='lat' dir='ltr'>Ro-</span> 
     </span>
     <span class='ocr_line' id='line_1_22' title="bbox 349 2658 2648 2728; baseline -0.001 -16"><span class='ocrx_word' id='word_1_157' title='bbox 349 2675 580 2712; x_wconf 87' lang='lat' dir='ltr'>manum</span> <span class='ocrx_word' id='word_1_158' title='bbox 618 2658 917 2727; x_wconf 84' lang='lat' dir='ltr'>imperium</span> <span class='ocrx_word' id='word_1_159' title='bbox 955 2659 1013 2712; x_wconf 91' lang='lat' dir='ltr'>et</span> <span class='ocrx_word' id='word_1_160' title='bbox 1051 2658 1388 2711; x_wconf 85' lang='lat' dir='ltr'>deformauit</span> <span class='ocrx_word' id='word_1_161' title='bbox 1418 2661 1474 2710; x_wconf 82' lang='lat' dir='ltr'>et</span> <span class='ocrx_word' id='word_1_162' title='bbox 1502 2658 1725 2722; x_wconf 80' lang='lat' dir='ltr'>minuit,</span> <span class='ocrx_word' id='word_1_163' title='bbox 1762 2658 2067 2711; x_wconf 85' lang='lat' dir='ltr'>inusitatae</span> <span class='ocrx_word' id='word_1_164' title='bbox 2106 2658 2358 2711; x_wconf 82' lang='lat' dir='ltr'>luxuriae</span> <span class='ocrx_word' id='word_1_165' title='bbox 2397 2663 2648 2728; x_wconf 88' lang='lat' dir='ltr'>sumptu—</span> 
     </span>
     <span class='ocr_line' id='line_1_23' title="bbox 349 2737 2650 2808; baseline -0.001 -16"><span class='ocrx_word' id='word_1_166' title='bbox 349 2755 572 2808; x_wconf 85' lang='lat' dir='ltr'>umque.</span> <span class='ocrx_word' id='word_1_167' title='bbox 637 2739 782 2792; x_wconf 81' lang='lat' dir='ltr'>Oros.</span> <span class='ocrx_word' id='word_1_168' title='bbox 819 2740 941 2793; x_wconf 88' lang='lat' dir='ltr'>VII</span> <span class='ocrx_word' id='word_1_169' title='bbox 965 2743 1066 2803; x_wconf 82' lang='lat'>7,1</span> <span class='ocrx_word' id='word_1_170' title='bbox 1107 2737 1213 2790; x_wconf 88' lang='lat' dir='ltr'>Gai</span> <span class='ocrx_word' id='word_1_171' title='bbox 1261 2737 1576 2807; x_wconf 87' lang='lat' dir='ltr'>Caligulae,</span> <span class='ocrx_word' id='word_1_172' title='bbox 1624 2738 1890 2791; x_wconf 88' lang='lat' dir='ltr'>auunculi</span> <span class='ocrx_word' id='word_1_173' title='bbox 1930 2738 2043 2804; x_wconf 77' lang='lat' dir='ltr'>sui,</span> <span class='ocrx_word' id='word_1_174' title='bbox 2088 2753 2223 2806; x_wconf 82' lang='lat' dir='ltr'>erga</span> <span class='ocrx_word' id='word_1_175' title='bbox 2270 2739 2460 2792; x_wconf 87' lang='lat' dir='ltr'>omnia</span> <span class='ocrx_word' id='word_1_176' title='bbox 2507 2739 2650 2790; x_wconf 83' lang='lat' dir='ltr'>uitia</span> 
     </span>
     <span class='ocr_line' id='line_1_24' title="bbox 350 2818 2647 2887; baseline -0.001 -15"><span class='ocrx_word' id='word_1_177' title='bbox 350 2835 416 2872; x_wconf 84' lang='lat' dir='ltr'>ac</span> <span class='ocrx_word' id='word_1_178' title='bbox 455 2819 666 2872; x_wconf 89' lang='lat' dir='ltr'>scelera</span> <span class='ocrx_word' id='word_1_179' title='bbox 705 2821 963 2885; x_wconf 82' lang='lat' dir='ltr'>sectator,</span> <span class='ocrx_word' id='word_1_180' title='bbox 1000 2818 1170 2871; x_wconf 90' lang='lat' dir='ltr'>immo</span> <span class='ocrx_word' id='word_1_181' title='bbox 1209 2819 1600 2887; x_wconf 86' lang='lat' dir='ltr'>transgressor.</span> <span class='ocrx_word' id='word_1_182' title='bbox 1753 2825 1817 2871; x_wconf 83' lang='lat'>13</span> <span class='ocrx_word' id='word_1_183' title='bbox 1860 2819 2095 2886; x_wconf 74' lang='lat' dir='ltr'>Eutrop.</span> <span class='ocrx_word' id='word_1_184' title='bbox 2128 2820 2357 2884; x_wconf 77' lang='lat' dir='ltr'><em>V1114‚</em></span> <span class='ocrx_word' id='word_1_185' title='bbox 2380 2824 2409 2871; x_wconf 86' lang='lat'><strong><em>1</em></strong></span> <span class='ocrx_word' id='word_1_186' title='bbox 2448 2820 2515 2870; x_wconf 91' lang='lat' dir='ltr'>ut</span> <span class='ocrx_word' id='word_1_187' title='bbox 2551 2818 2647 2885; x_wconf 90' lang='lat' dir='ltr'>qui</span> 
     </span>
     <span class='ocr_line' id='line_1_25' title="bbox 467 2897 2646 2968; baseline 0 -17"><span class='ocrx_word' id='word_1_188' title='bbox 467 2899 682 2952; x_wconf 88' lang='lat' dir='ltr'>retibus</span> <span class='ocrx_word' id='word_1_189' title='bbox 731 2899 914 2952; x_wconf 86' lang='lat' dir='ltr'>aureis</span> <span class='ocrx_word' id='word_1_190' title='bbox 964 2899 1302 2968; x_wconf 85' lang='lat' dir='ltr'>piscaretur,</span> <span class='ocrx_word' id='word_1_191' title='bbox 1351 2913 1494 2966; x_wconf 89' lang='lat' dir='ltr'>quae</span> <span class='ocrx_word' id='word_1_192' title='bbox 1534 2897 1793 2951; x_wconf 84' lang='lat' dir='ltr'>blattinis</span> <span class='ocrx_word' id='word_1_193' title='bbox 1830 2897 2059 2950; x_wconf 81' lang='lat' dir='ltr'>funibus</span> <span class='ocrx_word' id='word_1_194' title='bbox 2099 2897 2429 2952; x_wconf 82' lang='lat' dir='ltr'>extrahebat</span> <span class='ocrx_word' id='word_1_195' title='bbox 2468 2898 2646 2966; x_wconf 78' lang='lat' dir='ltr'>(Hier.</span> 
     </span>
     <span class='ocr_line' id='line_1_26' title="bbox 350 2978 2648 3048; baseline -0.001 -15"><span class='ocrx_word' id='word_1_196' title='bbox 350 2981 533 3033; x_wconf 74' lang='lat' dir='ltr'>chron.</span> <span class='ocrx_word' id='word_1_197' title='bbox 574 2997 626 3032; x_wconf 84' lang='lat' dir='ltr'>a.</span> <span class='ocrx_word' id='word_1_198' title='bbox 656 2983 806 3032; x_wconf 84' lang='lat'><em>2075</em></span> <span class='ocrx_word' id='word_1_199' title='bbox 845 2996 952 3048; x_wconf 80' lang='lat' dir='ltr'>pro</span> <span class='ocrx_word' id='word_1_200' title='bbox 997 2978 1258 3031; x_wconf 85' lang='lat' dir='ltr'>blattinis</span> <span class='ocrx_word' id='word_1_201' title='bbox 1305 2979 1558 3032; x_wconf 72' lang='lat' dir='ltr'>exhibens</span> <span class='ocrx_word' id='word_1_202' title='bbox 1595 2979 1918 3047; x_wconf 84' lang='lat' dir='ltr'>purpureis,</span> <span class='ocrx_word' id='word_1_203' title='bbox 1958 2980 2081 3031; x_wconf 79' lang='lat' dir='ltr'>item</span> <span class='ocrx_word' id='word_1_204' title='bbox 2125 2979 2349 3031; x_wconf 69' lang='lat' dir='ltr'>Orosius</span> <span class='ocrx_word' id='word_1_205' title='bbox 2382 2978 2499 3030; x_wconf 88' lang='lat' dir='ltr'>VII</span> <span class='ocrx_word' id='word_1_206' title='bbox 2511 2982 2575 3042; x_wconf 77' lang='grc'>’7,</span> <span class='ocrx_word' id='word_1_207' title='bbox 2596 2983 2648 3042; x_wconf 84' lang='grc'>3,</span> 
     </span>
     <span class='ocr_line' id='line_1_27' title="bbox 352 3056 2650 3127; baseline -0.001 -16"><span class='ocrx_word' id='word_1_208' title='bbox 352 3077 456 3127; x_wconf 77' lang='lat' dir='ltr'>quo</span> <span class='ocrx_word' id='word_1_209' title='bbox 495 3075 628 3112; x_wconf 76' lang='lat' dir='ltr'>usus</span> <span class='ocrx_word' id='word_1_210' title='bbox 664 3065 738 3112; x_wconf 76' lang='lat' dir='ltr'>est</span> <span class='ocrx_word' id='word_1_211' title='bbox 777 3059 1064 3113; x_wconf 75' lang='lat' dir='ltr'>Heiricns:</span> <span class='ocrx_word' id='word_1_212' title='bbox 1115 3057 1443 3127; x_wconf 84' lang='lat' dir='ltr'>piscabatur</span> <span class='ocrx_word' id='word_1_213' title='bbox 1474 3099 1521 3111; x_wconf 86' lang='lat'>..</span> <span class='ocrx_word' id='word_1_214' title='bbox 1546 3100 1557 3111; x_wconf 87' lang='lat'>.</span> <span class='ocrx_word' id='word_1_215' title='bbox 1587 3058 1801 3112; x_wconf 88' lang='lat' dir='ltr'>retibus</span> <span class='ocrx_word' id='word_1_216' title='bbox 1840 3058 2023 3110; x_wconf 88' lang='lat' dir='ltr'>aureis</span> <span class='ocrx_word' id='word_1_217' title='bbox 2062 3074 2207 3126; x_wconf 89' lang='lat' dir='ltr'>quae</span> <span class='ocrx_word' id='word_1_218' title='bbox 2244 3056 2473 3110; x_wconf 84' lang='lat' dir='ltr'>funibus</span> <span class='ocrx_word' id='word_1_219' title='bbox 2519 3075 2650 3125; x_wconf 89' lang='lat' dir='ltr'>pur-</span> 
     </span>
     <span class='ocr_line' id='line_1_28' title="bbox 350 3137 2647 3208; baseline 0 -18"><span class='ocrx_word' id='word_1_220' title='bbox 350 3139 542 3208; x_wconf 88' lang='lat' dir='ltr'>pureis</span> <span class='ocrx_word' id='word_1_221' title='bbox 578 3138 672 3192; x_wconf 86' lang='lat' dir='ltr'>uel</span> <span class='ocrx_word' id='word_1_222' title='bbox 701 3137 976 3192; x_wconf 85' lang='lat' dir='ltr'>coccineis</span> <span class='ocrx_word' id='word_1_223' title='bbox 1019 3139 1474 3192; x_wconf 87' lang='lat' dir='ltr'>extrahebantur.</span> <span class='ocrx_word' id='word_1_224' title='bbox 1537 3140 1665 3191; x_wconf 67' lang='lat' dir='ltr'>‘inde</span> <span class='ocrx_word' id='word_1_225' title='bbox 1706 3140 1869 3192; x_wconf 78' lang='lat' dir='ltr'>etiam</span> <span class='ocrx_word' id='word_1_226' title='bbox 1904 3139 2069 3207; x_wconf 71' lang='lat' dir='ltr'>Fet-ly.</span> <span class='ocrx_word' id='word_1_227' title='bbox 2110 3139 2175 3190; x_wconf 81' lang='lat' dir='ltr'>de</span> <span class='ocrx_word' id='word_1_228' title='bbox 2218 3145 2316 3190; x_wconf 80' lang='lat' dir='ltr'>aet.</span> <span class='ocrx_word' id='word_1_229' title='bbox 2358 3138 2543 3190; x_wconf 78' lang='lat' dir='ltr'>mund.</span> <span class='ocrx_word' id='word_1_230' title='bbox 2581 3143 2647 3190; x_wconf 85' lang='lat'>51</span> 
     </span>
     <span class='ocr_line' id='line_1_29' title="bbox 344 3217 2575 3288; baseline -0.001 -16"><span class='ocrx_word' id='word_1_231' title='bbox 344 3238 402 3288; x_wconf 81' lang='lat' dir='ltr'>p.</span> <span class='ocrx_word' id='word_1_232' title='bbox 431 3224 599 3285; x_wconf 88' lang='lat'><strong><em>177,1</em></strong></span> <span class='ocrx_word' id='word_1_233' title='bbox 631 3219 706 3271; x_wconf 91' lang='lat' dir='ltr'>da</span> <span class='ocrx_word' id='word_1_234' title='bbox 727 3217 1044 3288; x_wconf 84' lang='lat' dir='ltr'>Caligulam</span> <span class='ocrx_word' id='word_1_235' title='bbox 1071 3219 1256 3270; x_wconf 83' lang='lat' dir='ltr'>aureis</span> <span class='ocrx_word' id='word_1_236' title='bbox 1285 3218 1602 3287; x_wconf 87' lang='lat' dir='ltr'>piscantem</span> <span class='ocrx_word' id='word_1_237' title='bbox 1631 3219 1845 3272; x_wconf 87' lang='lat' dir='ltr'>retibus</span> <span class='ocrx_word' id='word_1_238' title='bbox 1874 3217 2213 3284; x_wconf 86' lang='lat' dir='ltr'>funibusque</span> <span class='ocrx_word' id='word_1_239' title='bbox 2243 3217 2575 3286; x_wconf 68' lang='lat' dir='ltr'>purpureis).</span> 
     </span>
     <span class='ocr_line' id='line_1_30' title="bbox 357 3296 2647 3366; baseline -0.001 -14"><span class='ocrx_word' id='word_1_240' title='bbox 357 3306 422 3352; x_wconf 83' lang='lat'>14</span> <span class='ocrx_word' id='word_1_241' title='bbox 465 3299 613 3353; x_wconf 80' lang='lat' dir='ltr'>Oros.</span> <span class='ocrx_word' id='word_1_242' title='bbox 645 3299 764 3354; x_wconf 86' lang='lat' dir='ltr'>VII</span> <span class='ocrx_word' id='word_1_243' title='bbox 787 3303 892 3364; x_wconf 87' lang='lat'>7,3</span> <span class='ocrx_word' id='word_1_244' title='bbox 938 3315 1242 3366; x_wconf 88' lang='lat' dir='ltr'>numquam</span> <span class='ocrx_word' id='word_1_245' title='bbox 1293 3299 1477 3352; x_wconf 88' lang='lat' dir='ltr'>minus</span> <span class='ocrx_word' id='word_1_246' title='bbox 1529 3298 1687 3352; x_wconf 91' lang='lat' dir='ltr'>mille</span> <span class='ocrx_word' id='word_1_247' title='bbox 1735 3298 1977 3351; x_wconf 85' lang='lat' dir='ltr'>carrucis</span> <span class='ocrx_word' id='word_1_248' title='bbox 2025 3297 2331 3351; x_wconf 84' lang='lat' dir='ltr'>confecisse</span> <span class='ocrx_word' id='word_1_249' title='bbox 2377 3296 2485 3349; x_wconf 88' lang='lat' dir='ltr'>iter</span> <span class='ocrx_word' id='word_1_250' title='bbox 2536 3299 2647 3349; x_wconf 90' lang='lat' dir='ltr'>tra-</span> 
     </span>
     <span class='ocr_line' id='line_1_31' title="bbox 353 3377 2648 3448; baseline -0.001 -16"><span class='ocrx_word' id='word_1_251' title='bbox 353 3380 522 3432; x_wconf 85' lang='lat' dir='ltr'>ditur.</span> <span class='ocrx_word' id='word_1_252' title='bbox 580 3381 648 3444; x_wconf 79' lang='lat' dir='ltr'>cf.</span> <span class='ocrx_word' id='word_1_253' title='bbox 683 3379 908 3447; x_wconf 83' lang='lat' dir='ltr'>Lampr.</span> <span class='ocrx_word' id='word_1_254' title='bbox 941 3380 1154 3448; x_wconf 70' lang='lat' dir='ltr'>Helioq.</span> <span class='ocrx_word' id='word_1_255' title='bbox 1187 3382 1274 3443; x_wconf 89' lang='grc'>31,</span> <span class='ocrx_word' id='word_1_256' title='bbox 1297 3384 1330 3432; x_wconf 85' lang='grc'><strong><em>5</em></strong></span> <span class='ocrx_word' id='word_1_257' title='bbox 1370 3381 1635 3432; x_wconf 88' lang='lat' dir='ltr'>adserens</span> <span class='ocrx_word' id='word_1_258' title='bbox 1783 3378 2063 3430; x_wconf 86' lang='lat' dir='ltr'>Neronem</span> <span class='ocrx_word' id='word_1_259' title='bbox 2102 3377 2426 3446; x_wconf 86' lang='lat' dir='ltr'>quingentis</span> <span class='ocrx_word' id='word_1_260' title='bbox 2464 3393 2648 3430; x_wconf 88' lang='lat' dir='ltr'>carru-</span> 
     </span>
     <span class='ocr_line' id='line_1_32' title="bbox 354 3457 2645 3524; baseline -0.002 -11"><span class='ocrx_word' id='word_1_261' title='bbox 354 3460 434 3513; x_wconf 83' lang='lat' dir='ltr'>cis</span> <span class='ocrx_word' id='word_1_262' title='bbox 465 3461 574 3513; x_wconf 86' lang='lat' dir='ltr'>iter</span> <span class='ocrx_word' id='word_1_263' title='bbox 600 3459 788 3512; x_wconf 86' lang='lat' dir='ltr'>inisse.</span> <span class='ocrx_word' id='word_1_264' title='bbox 912 3463 977 3512; x_wconf 88' lang='lat'>18</span> <span class='ocrx_word' id='word_1_265' title='bbox 1007 3460 1177 3513; x_wconf 79' lang='lat' dir='ltr'>Schol.</span> <span class='ocrx_word' id='word_1_266' title='bbox 1211 3460 1425 3512; x_wconf 78' lang='lat' dir='ltr'>Luca-n.</span> <span class='ocrx_word' id='word_1_267' title='bbox 1459 3465 1544 3524; x_wconf 86' lang='lat'>10,</span> <span class='ocrx_word' id='word_1_268' title='bbox 1571 3465 1668 3513; x_wconf 86' lang='lat'>111</span> <span class='ocrx_word' id='word_1_269' title='bbox 1703 3459 1784 3511; x_wconf 88' lang='lat' dir='ltr'>W.</span> <span class='ocrx_word' id='word_1_270' title='bbox 1816 3458 1925 3511; x_wconf 88' lang='lat' dir='ltr'>fuit</span> <span class='ocrx_word' id='word_1_271' title='bbox 1956 3458 2163 3510; x_wconf 83' lang='lat' dir='ltr'>nimius</span> <span class='ocrx_word' id='word_1_272' title='bbox 2191 3457 2251 3510; x_wconf 89' lang='lat' dir='ltr'>in</span> <span class='ocrx_word' id='word_1_273' title='bbox 2283 3457 2645 3510; x_wconf 80' lang='lat' dir='ltr'>aedificando,</span> 
     </span>
    </p>
   </div>
   <div class='ocr_carea' id='block_1_6' title="bbox 356 3599 2657 4632">
    <p class='ocr_par' dir='ltr' id='par_1_9' title="bbox 356 3599 2657 4632">
     <span class='ocr_line' id='line_1_33' title="bbox 497 3599 2647 3670; baseline -0.002 -17"><span class='ocrx_word' id='word_1_274' title='bbox 497 3608 527 3653; x_wconf 78' lang='lat'>‘2</span> <span class='ocrx_word' id='word_1_275' title='bbox 566 3602 850 3670; x_wconf 87' lang='lat' dir='ltr'>praelatos</span> <span class='ocrx_word' id='word_1_276' title='bbox 885 3601 991 3666; x_wconf 81' lang='lat' dir='ltr'>GS,</span> <span class='ocrx_word' id='word_1_277' title='bbox 1031 3599 1098 3652; x_wconf 63' lang='lat' dir='ltr'>a}</span> <span class='ocrx_word' id='word_1_278' title='bbox 1133 3601 1352 3669; x_wconf 69' lang='lat' dir='ltr'>pclaros</span> <span class='ocrx_word' id='word_1_279' title='bbox 1387 3600 1460 3670; x_wconf 62' lang='lat'>(2²</span> <span class='ocrx_word' id='word_1_280' title='bbox 1497 3602 1558 3653; x_wconf 74' lang='lat' dir='ltr'>in</span> <span class='ocrx_word' id='word_1_281' title='bbox 1595 3618 1767 3670; x_wconf 62' lang='lat' dir='ltr'>mar-9.</span> <span class='ocrx_word' id='word_1_282' title='bbox 1924 3606 1955 3652; x_wconf 82' lang='grc' dir='ltr'>ὃ</span> <span class='ocrx_word' id='word_1_283' title='bbox 1996 3603 2111 3652; x_wconf 88' lang='lat' dir='ltr'>tam</span> <span class='ocrx_word' id='word_1_284' title='bbox 2149 3600 2309 3653; x_wconf 87' lang='lat' dir='ltr'>breui</span> <span class='ocrx_word' id='word_1_285' title='bbox 2347 3601 2433 3653; x_wconf 81' lang='lat' dir='ltr'>uel</span> <span class='ocrx_word' id='word_1_286' title='bbox 2473 3599 2529 3651; x_wconf 91' lang='lat' dir='ltr'>in</span> <span class='ocrx_word' id='word_1_287' title='bbox 2567 3599 2647 3650; x_wconf 87' lang='lat' dir='ltr'>bi-</span> 
     </span>
     <span class='ocr_line' id='line_1_34' title="bbox 356 3679 2651 3754; baseline -0.001 -21"><span class='ocrx_word' id='word_1_288' title='bbox 356 3683 485 3734; x_wconf 88' lang='lat' dir='ltr'>enni</span> <span class='ocrx_word' id='word_1_289' title='bbox 518 3683 750 3752; x_wconf 76' lang='lat' dir='ltr'>Bentley</span> <span class='ocrx_word' id='word_1_290' title='bbox 967 3687 998 3732; x_wconf 89' lang='grc'>6</span> <span class='ocrx_word' id='word_1_291' title='bbox 1039 3681 1357 3734; x_wconf 87' lang='lat' dir='ltr'>assumendi</span> <span class='ocrx_word' id='word_1_292' title='bbox 1399 3682 1472 3734; x_wconf 81' lang='lat' dir='ltr'><strong><em>M</em></strong></span> <span class='ocrx_word' id='word_1_293' title='bbox 1684 3679 2017 3731; x_wconf 84' lang='lat' dir='ltr'>tiriditatem</span> <span class='ocrx_word' id='word_1_294' title='bbox 2057 3682 2191 3747; x_wconf 80' lang='lat' dir='ltr'>(tyr-</span> <span class='ocrx_word' id='word_1_295' title='bbox 2222 3681 2274 3754; x_wconf 68' lang='grc' dir='ltr'>δ’)</span> <span class='ocrx_word' id='word_1_296' title='bbox 2315 3679 2651 3733; x_wconf 66' lang='lat' dir='ltr'><em>ML¹PSR6</em></span> 
     </span>
     <span class='ocr_line' id='line_1_35' title="bbox 356 3749 2652 3831; baseline -0.002 -18"><span class='ocrx_word' id='word_1_297' title='bbox 356 3767 386 3812; x_wconf 84' lang='grc'><strong>9</strong></span> <span class='ocrx_word' id='word_1_298' title='bbox 426 3761 716 3831; x_wconf 88' lang='lat' dir='ltr'>speculum</span> <span class='ocrx_word' id='word_1_299' title='bbox 739 3765 806 3828; x_wconf 75' lang='grc' dir='ltr'>Ω,</span> <span class='ocrx_word' id='word_1_300' title='bbox 845 3777 980 3814; x_wconf 85' lang='lat' dir='ltr'>corr.</span> <span class='ocrx_word' id='word_1_301' title='bbox 1013 3761 1323 3814; x_wconf 77' lang='lat' dir='ltr'>Beroaldus</span> <span class='ocrx_word' id='word_1_302' title='bbox 1351 3762 1439 3829; x_wconf 82' lang='lat' dir='ltr'>(cf.</span> <span class='ocrx_word' id='word_1_303' title='bbox 1471 3777 1586 3827; x_wconf 74' lang='lat' dir='ltr'>cap.</span> <span class='ocrx_word' id='word_1_304' title='bbox 1620 3762 1711 3828; x_wconf 79' lang='lat'>47)</span> <span class='ocrx_word' id='word_1_305' title='bbox 1857 3760 2103 3813; x_wconf 88' lang='lat' dir='ltr'>uirorum</span> <span class='ocrx_word' id='word_1_306' title='bbox 2138 3749 2365 3828; x_wconf 62' lang='lat' dir='ltr'>&amp;⁷1in</span> <span class='ocrx_word' id='word_1_307' title='bbox 2394 3759 2652 3811; x_wconf 86' lang='lat' dir='ltr'>uiuorum</span> 
     </span>
     <span class='ocr_line' id='line_1_36' title="bbox 358 3839 2553 3909; baseline -0.002 -14"><span class='ocrx_word' id='word_1_308' title='bbox 358 3842 670 3896; x_wconf 57' lang='lat' dir='ltr'><em>MLPSRJ</em></span> <span class='ocrx_word' id='word_1_309' title='bbox 854 3847 918 3894; x_wconf 89' lang='grc'>10</span> <span class='ocrx_word' id='word_1_310' title='bbox 957 3841 1406 3908; x_wconf 84' lang='lat' dir='ltr'>cercophitecum</span> <span class='ocrx_word' id='word_1_311' title='bbox 1443 3842 1669 3909; x_wconf 85' lang='lat' dir='ltr'>&lt;-tetum</span> <span class='ocrx_word' id='word_1_312' title='bbox 1706 3842 1771 3905; x_wconf 81' lang='lat' dir='ltr'>Y,</span> <span class='ocrx_word' id='word_1_313' title='bbox 1812 3839 1984 3892; x_wconf 84' lang='lat' dir='ltr'>circo·</span> <span class='ocrx_word' id='word_1_314' title='bbox 2026 3840 2093 3904; x_wconf 82' lang='lat' dir='ltr'>G,</span> <span class='ocrx_word' id='word_1_315' title='bbox 2133 3841 2308 3892; x_wconf 86' lang='lat' dir='ltr'>certo-</span> <span class='ocrx_word' id='word_1_316' title='bbox 2337 3841 2467 3906; x_wconf 82' lang='lat' dir='ltr'>PT)</span> <span class='ocrx_word' id='word_1_317' title='bbox 2503 3842 2553 3890; x_wconf 72' lang='grc' dir='ltr'><em>Ω</em></span> 
     </span>
     <span class='ocr_line' id='line_1_37' title="bbox 356 3919 2654 3988; baseline 0 -16"><span class='ocrx_word' id='word_1_318' title='bbox 356 3922 732 3975; x_wconf 83' lang='lat' dir='ltr'>funeratorem</span> <span class='ocrx_word' id='word_1_319' title='bbox 777 3922 1010 3975; x_wconf 75' lang='lat' dir='ltr'>Gronov.</span> <span class='ocrx_word' id='word_1_320' title='bbox 1059 3923 1236 3988; x_wconf 62' lang='lat' dir='ltr'>tiliam,</span> <span class='ocrx_word' id='word_1_321' title='bbox 1282 3925 1610 3974; x_wconf 88' lang='lat' dir='ltr'>uenatorem</span> <span class='ocrx_word' id='word_1_322' title='bbox 1658 3919 1892 3972; x_wconf 75' lang='lat' dir='ltr'>Gronov.</span> <span class='ocrx_word' id='word_1_323' title='bbox 1925 3926 2087 3986; x_wconf 78' lang='lat' dir='ltr'>pater</span> <span class='ocrx_word' id='word_1_324' title='bbox 2133 3919 2559 3986; x_wconf 87' lang='lat' dir='ltr'>(faeneratorem</span> <span class='ocrx_word' id='word_1_325' title='bbox 2597 3924 2654 3972; x_wconf 88' lang='lat' dir='ltr'>et</span> 
     </span>
     <span class='ocr_line' id='line_1_38' title="bbox 356 3998 2655 4070; baseline -0.002 -16"><span class='ocrx_word' id='word_1_326' title='bbox 356 4002 456 4055; x_wconf 86' lang='lat' dir='ltr'>del.</span> <span class='ocrx_word' id='word_1_327' title='bbox 492 4003 725 4070; x_wconf 76' lang='lat' dir='ltr'>Bentley</span> <span class='ocrx_word' id='word_1_328' title='bbox 757 4003 1030 4069; x_wconf 69' lang='lat' dir='ltr'>accipiens</span> <span class='ocrx_word' id='word_1_329' title='bbox 1071 4003 1135 4054; x_wconf 86' lang='lat' dir='ltr'>de</span> <span class='ocrx_word' id='word_1_330' title='bbox 1179 4018 1306 4054; x_wconf 80' lang='lat' dir='ltr'>uero</span> <span class='ocrx_word' id='word_1_331' title='bbox 1349 4001 1721 4067; x_wconf 77' lang='lat' dir='ltr'>cercopitheeo)</span> <span class='ocrx_word' id='word_1_332' title='bbox 1872 4005 1935 4052; x_wconf 85' lang='lat'>13</span> <span class='ocrx_word' id='word_1_333' title='bbox 1981 3998 2105 4052; x_wconf 88' lang='lat' dir='ltr'>alea</span> <span class='ocrx_word' id='word_1_334' title='bbox 2140 4000 2187 4051; x_wconf 84' lang='lat' dir='ltr'><strong><em>T</em></strong></span> <span class='ocrx_word' id='word_1_335' title='bbox 2328 3999 2655 4068; x_wconf 84' lang='lat' dir='ltr'>piscabatur</span> 
     </span>
     <span class='ocr_line' id='line_1_39' title="bbox 357 4079 2651 4149; baseline -0.001 -15"><span class='ocrx_word' id='word_1_336' title='bbox 357 4085 546 4135; x_wconf 88' lang='lat' dir='ltr'>autem</span> <span class='ocrx_word' id='word_1_337' title='bbox 578 4082 639 4134; x_wconf 90' lang='lat' dir='ltr'><em>H</em></span> <span class='ocrx_word' id='word_1_338' title='bbox 743 4085 862 4134; x_wconf 90' lang='lat' dir='ltr'>rete</span> <span class='ocrx_word' id='word_1_339' title='bbox 901 4083 1098 4134; x_wconf 85' lang='lat' dir='ltr'>aurato</span> <span class='ocrx_word' id='word_1_340' title='bbox 1134 4084 1182 4133; x_wconf 83' lang='grc' dir='ltr'><em>Τ</em></span> <span class='ocrx_word' id='word_1_341' title='bbox 1206 4080 1438 4149; x_wconf 86' lang='lat' dir='ltr'>(retibus</span> <span class='ocrx_word' id='word_1_342' title='bbox 1474 4080 1656 4132; x_wconf 88' lang='lat' dir='ltr'>aureis</span> <span class='ocrx_word' id='word_1_343' title='bbox 1688 4079 1753 4131; x_wconf 90' lang='lat' dir='ltr'><em>H</em></span> <span class='ocrx_word' id='word_1_344' title='bbox 1775 4096 1895 4132; x_wconf 73' lang='lat' dir='ltr'>cic-m</span> <span class='ocrx_word' id='word_1_345' title='bbox 1927 4080 2240 4148; x_wconf 74' lang='lat' dir='ltr'>Eutropio),</span> <span class='ocrx_word' id='word_1_346' title='bbox 2269 4082 2426 4131; x_wconf 85' lang='lat' dir='ltr'>ueste</span> <span class='ocrx_word' id='word_1_347' title='bbox 2456 4085 2651 4131; x_wconf 81' lang='lat' dir='ltr'>aurato</span> 
     </span>
     <span class='ocr_line' id='line_1_40' title="bbox 361 4159 2649 4230; baseline -0.003 -14"><span class='ocrx_word' id='word_1_348' title='bbox 361 4163 434 4216; x_wconf 81' lang='lat' dir='ltr'><em>M</em></span> <span class='ocrx_word' id='word_1_349' title='bbox 468 4163 618 4230; x_wconf 78' lang='lat' dir='ltr'>(inde</span> <span class='ocrx_word' id='word_1_350' title='bbox 643 4164 791 4216; x_wconf 85' lang='lat' dir='ltr'>reste</span> <span class='ocrx_word' id='word_1_351' title='bbox 819 4161 1090 4230; x_wconf 62' lang='lat' dir='ltr'>Salmas),</span> <span class='ocrx_word' id='word_1_352' title='bbox 1127 4163 1284 4213; x_wconf 85' lang='lat' dir='ltr'>ueste</span> <span class='ocrx_word' id='word_1_353' title='bbox 1316 4163 1515 4212; x_wconf 84' lang='lat' dir='ltr'>aurata</span> <span class='ocrx_word' id='word_1_354' title='bbox 1540 4160 1711 4212; x_wconf 86' lang='lat' dir='ltr'>GXN</span> <span class='ocrx_word' id='word_1_355' title='bbox 1841 4162 1897 4211; x_wconf 91' lang='lat' dir='ltr'>et</span> <span class='ocrx_word' id='word_1_356' title='bbox 1934 4178 2033 4214; x_wconf 86' lang='lat' dir='ltr'>om.</span> <span class='ocrx_word' id='word_1_357' title='bbox 2060 4160 2229 4212; x_wconf 70' lang='lat' dir='ltr'>GTN</span> <span class='ocrx_word' id='word_1_358' title='bbox 2364 4165 2426 4210; x_wconf 84' lang='lat'>15</span> <span class='ocrx_word' id='word_1_359' title='bbox 2467 4159 2649 4210; x_wconf 79' lang='lat' dir='ltr'>confe-</span> 
     </span>
     <span class='ocr_line' id='line_1_41' title="bbox 359 4239 2651 4306; baseline -0.002 -11"><span class='ocrx_word' id='word_1_360' title='bbox 359 4243 500 4295; x_wconf 89' lang='lat' dir='ltr'>cisse</span> <span class='ocrx_word' id='word_1_361' title='bbox 543 4243 692 4296; x_wconf 83' lang='lat' dir='ltr'>Oros.</span> <span class='ocrx_word' id='word_1_362' title='bbox 879 4248 942 4294; x_wconf 89' lang='grc'>16</span> <span class='ocrx_word' id='word_1_363' title='bbox 981 4241 1331 4306; x_wconf 81' lang='lat' dir='ltr'>falerataquc</span> <span class='ocrx_word' id='word_1_364' title='bbox 1379 4240 1667 4291; x_wconf 84' lang='lat' dir='ltr'>Mazacum</span> <span class='ocrx_word' id='word_1_365' title='bbox 1716 4239 2019 4292; x_wconf 73' lang='lat' dir='ltr'>Salmasius</span> <span class='ocrx_word' id='word_1_366' title='bbox 2059 4239 2367 4305; x_wconf 84' lang='lat' dir='ltr'>(Mazacum</span> <span class='ocrx_word' id='word_1_367' title='bbox 2407 4239 2485 4291; x_wconf 77' lang='lat' dir='ltr'>ed.</span> <span class='ocrx_word' id='word_1_368' title='bbox 2526 4240 2651 4291; x_wconf 76' lang='lat' dir='ltr'>Vcn.</span> 
     </span>
     <span class='ocr_line' id='line_1_42' title="bbox 359 4318 2657 4390; baseline -0.003 -15"><span class='ocrx_word' id='word_1_369' title='bbox 359 4341 410 4375; x_wconf 85' lang='lat' dir='ltr'>a.</span> <span class='ocrx_word' id='word_1_370' title='bbox 434 4327 592 4388; x_wconf 77' lang='lat'><em>1471,</em></span> <span class='ocrx_word' id='word_1_371' title='bbox 623 4321 914 4390; x_wconf 79' lang='lat' dir='ltr'>Mazycum</span> <span class='ocrx_word' id='word_1_372' title='bbox 943 4322 1155 4374; x_wconf 79' lang='lat' dir='ltr'>mauult</span> <span class='ocrx_word' id='word_1_373' title='bbox 1181 4320 1323 4373; x_wconf 75' lang='lat' dir='ltr'>Roth</span> <span class='ocrx_word' id='word_1_374' title='bbox 1344 4327 1470 4387; x_wconf 66' lang='lat' dir='ltr'>post</span> <span class='ocrx_word' id='word_1_375' title='bbox 1499 4321 1675 4387; x_wconf 76' lang='lat' dir='ltr'>alios),</span> <span class='ocrx_word' id='word_1_376' title='bbox 1705 4318 1943 4371; x_wconf 81' lang='lat' dir='ltr'>falerata</span> <span class='ocrx_word' id='word_1_377' title='bbox 1973 4319 2311 4371; x_wconf 87' lang='lat' dir='ltr'>cimazacum</span> <span class='ocrx_word' id='word_1_378' title='bbox 2338 4321 2409 4371; x_wconf 79' lang='lat' dir='ltr'><strong><em>M</em></strong></span> <span class='ocrx_word' id='word_1_379' title='bbox 2434 4319 2657 4387; x_wconf 70' lang='lat' dir='ltr'>(rasura-</span> 
     </span>
     <span class='ocr_line' id='line_1_43' title="bbox 357 4397 2654 4472; baseline -0.003 -17"><span class='ocrx_word' id='word_1_380' title='bbox 357 4419 530 4470; x_wconf 77' lang='lat' dir='ltr'>supra</span> <span class='ocrx_word' id='word_1_381' title='bbox 568 4403 782 4456; x_wconf 80' lang='lat' dir='ltr'>tert-iam</span> <span class='ocrx_word' id='word_1_382' title='bbox 820 4404 891 4472; x_wconf 82' lang='lat' dir='ltr'>a),</span> <span class='ocrx_word' id='word_1_383' title='bbox 938 4401 1235 4469; x_wconf 83' lang='lat' dir='ltr'>phalerata</span> <span class='ocrx_word' id='word_1_384' title='bbox 1273 4399 1526 4468; x_wconf 85' lang='lat' dir='ltr'>(phalera</span> <span class='ocrx_word' id='word_1_385' title='bbox 1561 4401 1637 4464; x_wconf 78' lang='lat' dir='ltr'>G,</span> <span class='ocrx_word' id='word_1_386' title='bbox 1674 4397 1939 4451; x_wconf 84' lang='lat' dir='ltr'>fallerata</span> <span class='ocrx_word' id='word_1_387' title='bbox 1975 4400 2044 4466; x_wconf 88' lang='lat' dir='ltr'>T)</span> <span class='ocrx_word' id='word_1_388' title='bbox 2093 4398 2433 4451; x_wconf 79' lang='lat' dir='ltr'>cimazacum</span> <span class='ocrx_word' id='word_1_389' title='bbox 2478 4398 2654 4461; x_wconf 83' lang='lat' dir='ltr'>GRX,</span> 
     </span>
     <span class='ocr_line' id='line_1_44' title="bbox 361 4477 2655 4551; baseline -0.003 -15"><span class='ocrx_word' id='word_1_390' title='bbox 361 4489 416 4536; x_wconf 89' lang='lat' dir='ltr'>et</span> <span class='ocrx_word' id='word_1_391' title='bbox 436 4482 732 4551; x_wconf 85' lang='lat' dir='ltr'>phalerata</span> <span class='ocrx_word' id='word_1_392' title='bbox 753 4482 1094 4534; x_wconf 87' lang='lat' dir='ltr'>cimazacum</span> <span class='ocrx_word' id='word_1_393' title='bbox 1116 4483 1563 4548; x_wconf 66' lang='lat' dir='ltr'>(ciicymazacum</span> <span class='ocrx_word' id='word_1_394' title='bbox 1587 4482 1643 4531; x_wconf 88' lang='grc' dir='ltr'><em>Π</em></span> <span class='ocrx_word' id='word_1_395' title='bbox 1648 4482 1665 4541; x_wconf 75' lang='lat' dir='ltr'>&#39;J</span> <span class='ocrx_word' id='word_1_396' title='bbox 1686 4479 1790 4548; x_wconf 76' lang='lat' dir='ltr'>HQ</span> <span class='ocrx_word' id='word_1_397' title='bbox 1894 4485 1955 4530; x_wconf 73' lang='lat'>17</span> <span class='ocrx_word' id='word_1_398' title='bbox 1979 4495 2257 4532; x_wconf 84' lang='lat' dir='ltr'>cussorem</span> <span class='ocrx_word' id='word_1_399' title='bbox 2283 4480 2351 4531; x_wconf 83' lang='lat' dir='ltr'><em>M</em></span> <span class='ocrx_word' id='word_1_400' title='bbox 2456 4483 2517 4530; x_wconf 73' lang='lat'>18</span> <span class='ocrx_word' id='word_1_401' title='bbox 2542 4477 2655 4530; x_wconf 82' lang='lat' dir='ltr'>alia</span> 
     </span>
     <span class='ocr_line' id='line_1_45' title="bbox 365 4558 2657 4632; baseline -0.004 -14"><span class='ocrx_word' id='word_1_402' title='bbox 365 4563 592 4632; x_wconf 77' lang='lat' dir='ltr'><strong><em>GHQN</em></strong></span> <span class='ocrx_word' id='word_1_403' title='bbox 617 4565 824 4630; x_wconf 88' lang='lat' dir='ltr'>(tamen</span> <span class='ocrx_word' id='word_1_404' title='bbox 855 4578 912 4615; x_wconf 88' lang='lat' dir='ltr'>re</span> <span class='ocrx_word' id='word_1_405' title='bbox 941 4563 1054 4631; x_wconf 74' lang='lat' dir='ltr'>N),</span> <span class='ocrx_word' id='word_1_406' title='bbox 1094 4561 1280 4615; x_wconf 87' lang='lat' dir='ltr'>aliena</span> <span class='ocrx_word' id='word_1_407' title='bbox 1311 4563 1420 4626; x_wconf 65' lang='lat' dir='ltr'>rel„</span> <span class='ocrx_word' id='word_1_408' title='bbox 1451 4560 1562 4613; x_wconf 87' lang='lat' dir='ltr'>alia</span> <span class='ocrx_word' id='word_1_409' title='bbox 1593 4559 1712 4610; x_wconf 90' lang='lat' dir='ltr'>ulla</span> <span class='ocrx_word' id='word_1_410' title='bbox 1743 4559 1850 4627; x_wconf 79' lang='lat' dir='ltr'>(uel</span> <span class='ocrx_word' id='word_1_411' title='bbox 1878 4558 2087 4628; x_wconf 86' lang='lat' dir='ltr'>aliqua)</span> <span class='ocrx_word' id='word_1_412' title='bbox 2118 4561 2307 4611; x_wconf 87' lang='lat' dir='ltr'>tamen</span> <span class='ocrx_word' id='word_1_413' title='bbox 2337 4573 2396 4611; x_wconf 90' lang='lat' dir='ltr'>re</span> <span class='ocrx_word' id='word_1_414' title='bbox 2425 4559 2657 4626; x_wconf 75' lang='lat' dir='ltr'>Bentley</span> 
     </span>
    </p>
   </div>
  </div>
 </body>
</html>
