3259 5209
482 623 519 672 ³

557 443 686 508 298
1102 489 1105 494 .
1251 443 1307 499 ο.
1349 443 1668 499 svamm
1703 443 2150 510 meviam

734 604 1205 672 Aduenientem
1272 605 1441 671 male
1510 605 1833 672 animatus
1901 629 2058 693 erga
2122 607 2482 692 principem
2540 607 2860 673 exercitus

557 735 925 798 pronusque
991 713 1071 778 ad
1133 734 1237 778 res
1290 734 1495 779 nouas
1549 713 1760 778 libens
1813 735 1890 778 ac
1947 714 2198 798 supinis
2251 715 2552 780 manibus
2606 716 2862 799 excepit

556 820 737 886 uelut
783 819 952 885 dono
1000 819 1191 884 deum
1238 819 1547 904 oblatum,
1595 825 1699 886 ter
1743 822 2025 886 consulis
2070 821 2298 905 filium,
2341 825 2553 887 aetate
2589 822 2863 908 integra,

556 926 732 992 facili
788 947 863 992 ac
917 926 1191 1014 prodigo
1239 926 1474 994 animo.
1568 947 1766 1010 quam
1810 930 2096 994 ueterem
2141 927 2221 991 de
2263 947 2332 992 se
2377 928 2860 1012 persuasionem

556 1033 861 1102 Vitellius
914 1033 1277 1099 recentibus
1332 1033 1525 1099 etiam
1584 1033 2038 1119 experimentis
2083 1039 2367 1119 auxerat,
2421 1039 2563 1100 tota
2605 1035 2714 1100 uia
2761 1055 2862 1100 ca-
2917 1058 2948 1098 s

556 1140 907 1227 ligatorum
966 1161 1227 1224 quoque
1280 1140 1565 1206 militum
1614 1140 1848 1206 obuios
1892 1141 2270 1207 exosculans
2314 1163 2559 1226 perque
2603 1141 2864 1208 stabula

557 1268 631 1312 ac
678 1245 1047 1313 deuersoria
1090 1247 1489 1312 mulionibus
1535 1268 1609 1311 ac
1646 1246 2011 1312 uiatoribus
2047 1252 2302 1331 praeter
2338 1249 2602 1314 modum
2639 1249 2862 1330 comis,

557 1357 633 1418 ut
660 1375 845 1418 mane
874 1353 1165 1439 singulos
1200 1353 1451 1418 iamne
1488 1354 1926 1418 iantassent
1953 1353 2386 1420 sciscitaretur
2409 1376 2608 1440 seque
2632 1355 2862 1420 fecisse

488 1458 533 1524 8
562 1464 749 1524 ructu
797 1480 1054 1545 quoque
1100 1459 1481 1527 ostenderet.
1562 1465 1772 1526 castra
1805 1482 1960 1526 uero
1995 1461 2322 1548 ingressus
2355 1461 2522 1526 nihil
2557 1462 2862 1548 cuiquam

487 2329 523 2376 2

558 1568 853 1651 poscenti
906 1571 1169 1654 negauit
1221 1571 1417 1652 atque
1478 1569 1671 1632 etiam
1731 1566 1907 1632 ultro
1961 1568 2414 1656 ignominiosis
2468 1573 2674 1652 notas,
2733 1569 2860 1633 reis
2889 1593 2950 1632 ιο

559 1674 798 1758 sordes,
865 1673 1183 1738 damnatis
1257 1673 1578 1758 supplicia
1641 1673 1938 1759 dempsit.
2045 1696 2244 1760 quare
2307 1675 2576 1741 uixdum
2639 1697 2860 1740 mense

558 1784 905 1864 transacto,
958 1799 1167 1865 neque
1222 1779 1350 1845 diei
1404 1802 1615 1865 neque
1673 1779 1983 1864 temporis
2027 1781 2278 1847 ratione
2321 1782 2564 1866 habita,
2609 1803 2686 1846 ac
2729 1782 2861 1846 iam

560 1909 840 1973 uespere,
894 1886 1113 1952 subito
1170 1909 1209 1952 a
1253 1887 1572 1954 militibus
1619 1909 1654 1952 e
1699 1887 1998 1952 cubiculo
2043 1891 2295 1972 raptus,
2349 1889 2444 1952 ita
2487 1894 2564 1953 ut
2605 1893 2746 1954 erat
2790 1889 2860 1952 in

559 2000 741 2060 ueste
804 1993 1179 2076 domestica,
1243 1994 1595 2078 imperator
1659 1998 1758 2058 est
1819 1994 2256 2060 consalutatus
2319 1995 2860 2080 circumlatusque

559 2123 674 2186 per
732 2100 1184 2168 celeberrimos
1242 2101 1440 2186 uicos,
1498 2101 1795 2165 strictum
1843 2099 1997 2166 Diui
2042 2098 2252 2187 Iuli[i]
2299 2101 2584 2188 gladium
2633 2105 2858 2166 tenens
2889 2123 2948 2166 ιε

562 2209 919 2273 detractum
966 2207 1233 2273 delubro
1276 2206 1507 2273 Martis
1552 2211 1747 2292 atque
1785 2208 1854 2272 in
1889 2206 2100 2292 prima
2133 2207 2570 2296 gratulatione
2606 2229 2860 2294 porrec-

560 2319 701 2380 tum
748 2315 873 2380 sibi
910 2337 949 2378 a
986 2312 1281 2398 quodam.
1366 2335 1485 2378 nec
1530 2317 1681 2379 ante
1725 2313 1796 2380 in
1839 2315 2232 2398 praetorium
2278 2314 2473 2381 rediit
2517 2336 2710 2400 quam
2749 2315 2860 2379 fla—

562 2425 789 2508 grante
844 2421 1126 2486 triclinio
1183 2442 1265 2486 ex
1317 2425 1635 2505 conceptu
1678 2421 1939 2506 camini,
1996 2441 2144 2488 cum
2189 2421 2450 2506 quidem
2494 2425 2859 2486 consterna-

562 2528 647 2593 tis
712 2532 777 2592 et
832 2527 1017 2612 quasi
1092 2527 1305 2593 omine
1360 2527 1629 2592 aduerso
1688 2528 1897 2592 anxiis
1952 2528 2278 2593 omnibus:
2339 2528 2568 2613 bono,
2627 2529 2858 2613 inquit,

563 2635 813 2699 animo
853 2636 1127 2699 estote!
1165 2634 1389 2699 nobis
1426 2633 1753 2718 adluxit,
1789 2635 1970 2699 nullo
2009 2657 2300 2701 sermone
2336 2635 2466 2701 alio
2496 2635 2667 2720 apud
2693 2635 2860 2699 mili·
2887 2657 2944 2698 so

560 2747 659 2806 tes
722 2762 893 2807 usus.
1004 2741 1443 2807 consentiente
1518 2740 1744 2805 deinde
1815 2741 2010 2807 etiam
2075 2742 2425 2827 superioris
2490 2743 2860 2826 prouinciae

562 2849 863 2932 exercitu,
918 2847 1031 2933 qui
1085 2850 1265 2932 prior
1320 2869 1358 2911 a
1405 2846 1611 2912 Galba
1658 2846 1739 2912 ad
1784 2853 2076 2914 senatum
2124 2849 2456 2935 defecerat,
2501 2871 2862 2936 cognomen

564 2954 929 3022 Germanici
967 2955 1253 3021 delatum
1290 2955 1371 3019 ab
1410 2953 1732 3019 uniuersis
1773 2955 2002 3039 cupide
2036 2957 2295 3041 recepit,
2340 2955 2624 3044 Augusti
2659 2957 2858 3022 distu-

490 3057 539 3123 9
564 3063 662 3146 lit,
709 3061 996 3128 Caesaris
1051 3063 1121 3128 in
1172 3064 1557 3146 perpetuum
1611 3063 1948 3126 recusauit.
2037 3083 2112 3126 ac
2157 3062 2429 3128 subinde
2475 3063 2666 3128 caede
2711 3061 2860 3128 Gal-

564 3169 683 3234 bae
729 3169 1124 3252 adnuntiata,
1171 3167 1557 3252 compositis
1598 3168 1991 3233 Germanicis
2038 3169 2250 3254 rebus,
2295 3169 2576 3255 partitus
2623 3174 2721 3234 est
2755 3190 2860 3234 co·
2887 3189 2942 3231 ss

561 3277 725 3363 pias,
774 3299 934 3360 quas
980 3277 1289 3342 aduersus
1336 3273 1658 3339 Othonem
1705 3276 2154 3358 praemitteret
2200 3296 2490 3361 quasque
2534 3277 2678 3362 ipse
2719 3297 2860 3361 per-

566 3383 842 3450 duceret.
934 3382 1285 3469 praemisso
1342 3379 1599 3467 agmine
1656 3380 1899 3446 laetum
1953 3383 2172 3446 euenit
2232 3383 2608 3468 auspicium,
2661 3382 2860 3466 siqui-

564 3490 709 3555 dem
784 3515 822 3554 a
876 3495 1059 3575 parte
1127 3489 1352 3554 dextra
1422 3492 1688 3573 repente
1759 3487 1980 3572 aquila
2042 3489 2376 3554 aduolauit
2437 3489 2861 3573 lustratisque

562 3597 767 3684 signis
814 3597 1139 3681 ingressos
1198 3596 1372 3660 uiam
1419 3595 1658 3659 sensim
1705 3596 2064 3661 antecessit.
2155 3600 2224 3660 at
2270 3602 2494 3662 contra
2539 3597 2682 3681 ipso
2727 3617 2858 3660 mo·

562 3707 757 3769 uento
794 3707 1041 3769 statuae
1078 3706 1428 3786 equestres,
1474 3723 1618 3766 cum
1655 3701 2059 3785 plurifariam
2097 3703 2156 3767 ei
2184 3709 2595 3789 ponerentur,
2639 3703 2860 3768 fractis
2889 3723 2945 3764 so

562 3814 825 3895 repente
881 3809 1174 3874 cruribus
1220 3807 1462 3894 pariter
1508 3812 1903 3891 corruerunt,
1958 3814 2023 3874 et
2075 3811 2312 3895 laurea,
2366 3833 2562 3895 quam
2607 3809 2862 3896 religio-

564 3919 993 3929 -.-.————-..-—.-.-

709 3975 741 4023 3
768 3987 823 4024 u.
854 3969 930 4024 ad
950 3986 1007 4037 p.
1036 3972 1169 4034 295,
1190 3971 1271 4022 16.
1295 3971 1366 4020 19
1475 3971 1507 4017 4
1546 3967 1756 4020 Auson.
1785 3970 1914 4033 259,
1943 3971 1979 4021 9
2013 3966 2253 4036 prodiga
2284 4009 2297 4023 .
2320 4009 2332 4023 .
2355 4011 2367 4022 .
2399 3971 2622 4039 sceptra
2647 3965 2860 4022 Vitelli.

708 4111 739 4157 3
768 4103 927 4158 uelut
960 4103 1065 4157 deo
1086 4102 1297 4156 donum
1310 4104 1369 4155 Χ
1382 4101 1466 4170 (at
1480 4097 1513 4152 i
1530 4101 1617 4153 ter
1638 4098 1710 4151 do
1731 4099 1884 4153 domi
1901 4101 1970 4168 P,
1999 4103 2086 4155 ter
2102 4101 2176 4155 ut
2193 4102 2340 4157 dono
2361 4102 2472 4158 defi
2489 4102 2596 4156 deo
2612 4102 2762 4157 dom‘i
2789 4103 2860 4171 T)

564 4189 599 4238 6
635 4201 887 4255 quosque
919 4182 1107 4240 GS‘N
1252 4180 1451 4236 obuios
1486 4196 1587 4234 om.
1622 4178 1674 4233 G
1827 4183 1860 4233 8
1897 4180 2211 4236 iantassent
2241 4186 2372 4251 Me,
2417 4183 2726 4238 iactassent
2759 4181 2862 4252 (la-

566 4267 653 4336 Π)
680 4266 828 4322 ‘PPO
836 4267 905 4334 T,
958 4265 1285 4334 gentassent
1324 4261 1402 4329 G,
1455 4260 1768 4314 ientassent
1805 4259 1903 4315 LS
1945 4263 2029 4330 (in
2064 4263 2119 4318 L
2163 4279 2299 4319 corr.
2339 4281 2406 4320 σω
2450 4263 2570 4318 ieu-
2614 4269 2680 4318 ut
2723 4263 2862 4331 uid.)

563 4353 616 4400 et
649 4349 730 4402 sic
763 4363 831 4402 ss.
862 4349 927 4400 in
954 4346 1028 4411 R,
1063 4361 1163 4399 om.
1196 4343 1259 4398 N
1292 4344 1383 4414 (ef.
1426 4341 1531 4395 Vit.
1564 4340 1653 4398 13)
1836 4344 1899 4393 11
1941 4339 2218 4412 depressit
2260 4344 2330 4413 Q,
2375 4343 2596 4398 remisit
2631 4343 2865 4414 Bentley

569 4432 633 4479 13
664 4443 699 4479 a
723 4425 1001 4479 militibus
1030 4441 1129 4480 om.
1157 4424 1209 4478 G·
1318 4428 1385 4476 14
1416 4418 1700 4474 dominica
1725 4426 1777 4475 et
1801 4436 1870 4475 ss.
1899 4420 1937 4476 i.
1967 4422 2277 4479 domestica
2297 4425 2350 4478 G
2377 4427 2466 4494 (m.
2487 4427 2542 4494 1)
2651 4427 2720 4476 20
2748 4421 2864 4476 alio

565 4521 819 4560 sermone
853 4507 963 4562 GT
1092 4510 1159 4558 22
1188 4504 1345 4574 prius
1382 4508 1431 4559 ‘I’
1452 4503 1646 4574 (παῖς.)
1783 4505 1852 4554 25
1882 4501 2222 4559 denunciata
2253 4506 2304 4560 G
2431 4509 2498 4558 2⁷
2537 4503 2752 4574 agmini
2779 4501 2862 4558 ed.

567 4587 747 4640 Basil.
779 4591 923 4642 1533
1069 4591 1137 4639 28
1174 4584 1541 4655 lustratisque
1577 4604 1612 4646 ς
1649 4587 1748 4656 (ed.
1771 4585 2051 4651 anom.
2081 4587 2196 4654 ΙΙ),
2233 4583 2676 4653 lusu-auitquest
