3259 5209
910 438 1126 494 DIVVS
1165 437 1545 493 AVGVSTVS
1585 449 1716 498 [ου’.
1747 449 1922 498 94-96]
2439 438 2562 501 111

265 603 513 688 pudore
558 625 641 666 ne
684 603 899 666 minoi·
946 603 1358 667 inueniretur.
1442 624 1569 686 qua
1614 606 1834 666 tamen
1879 605 2028 686 post
2065 599 2302 665 multas
2340 601 2568 665 adhor-

266 710 547 775 tationes
596 710 705 773 uix
751 715 817 774 et
863 713 1239 774 cunctanter
1294 709 1463 773 edita
1518 708 1772 774 exiliuit
1816 707 2193 794 Theogenes
2250 707 2566 772 adorauit-

268 839 393 900 que
460 839 624 880 eum.
715 820 960 880 tantam
1026 837 1177 880 mox
1240 815 1543 880 fiduciam
1602 815 1724 879 fati
1781 812 2116 899 Augustus
2176 813 2430 896 habuit,
2495 817 2570 880 ut

268 925 491 988 thema
534 945 720 986 uuum
768 923 1136 1008 uulgauerit
1187 944 1654 1005 nummumque
1710 925 2086 1006 argenteum
2141 926 2298 986 nota
2343 920 2570 985 sideris

216 1057 240 1095 ⁵
270 1029 667 1114 Capricorni,
712 1051 841 1114 quo
887 1034 1075 1094 natus
1124 1034 1239 1116 est,
1283 1030 1684 1114 percusserit.

448 1137 607 1202 Post
649 1157 873 1202 necem
914 1134 1200 1200 Caesaris
1246 1157 1505 1202 reuerso
1554 1136 1633 1199 ab
1674 1135 2024 1220 Apollonia
2067 1140 2133 1200 et
2171 1132 2674 1222 ingrediente95

268 1267 345 1308 eo
394 1245 621 1308 urbem
666 1248 927 1328 repente
972 1243 1222 1326 liquido
1268 1265 1341 1306 ac
1387 1265 1551 1327 puro
1596 1265 1820 1308 sereno
1860 1244 2134 1308 circulus
2171 1244 2251 1306 ad
2288 1243 2566 1326 speciem

267 1351 563 1416 caelestis
610 1372 795 1415 arcus
844 1351 1065 1415 orbem
1112 1351 1267 1415 solis
1316 1351 1544 1415 ambiit
1588 1371 1664 1414 ac
1711 1350 1980 1415 subinde
2034 1349 2235 1415 Iuliae
2283 1348 2568 1414 Caesaris

266 1458 443 1522 filiae
480 1458 949 1522 monimentum
986 1457 1259 1522 fulmine
1297 1458 1495 1522 ictum
1537 1462 1650 1522 est.
1726 1458 1936 1541 primo
1977 1462 2188 1522 autem
2231 1457 2568 1522 consulatu

188 1589 239 1628 ιο
267 1569 335 1629 et
382 1565 721 1651 augurium
770 1564 1049 1649 capienti
1096 1565 1431 1630 duodecim
1478 1587 1545 1629 se
1592 1565 1882 1629 uultures
1929 1569 2002 1628 ut
2039 1564 2322 1628 Romulo
2361 1568 2569 1628 osten-

266 1670 505 1735 derunt
560 1675 627 1734 et
684 1672 1047 1736 immolanti
1108 1673 1395 1736 omnium
1454 1672 1864 1736 uictimarum
1923 1671 2202 1736 iocinera
2261 1671 2571 1755 replicata

268 1778 655 1842 intrinsecus
712 1779 793 1842 ab
850 1779 981 1842 ima
1024 1777 1189 1842 fibra
1242 1783 1617 1862 paruerunt,
1674 1779 1928 1842 nemine
1985 1779 2334 1861 peritorum
2383 1777 2570 1840 aliter

270 1886 627 1948 coiectante
674 1907 865 1968 quam
912 1885 1081 1950 laeta
1126 1907 1241 1968 per
1285 1885 1443 1951 haec
1490 1891 1553 1948 et
1596 1908 1834 1971 magna
1879 1885 2196 1969 portendi.

452 1990 621 2067 Quin
669 1996 734 2056 et
778 1992 1093 2055 bellorum
1142 1994 1429 2056 omnium
1475 1996 1744 2056 euentus
1793 1997 1938 2056 ante
1984 1993 2356 2076 praesensit.
2422 1985 2676 2056 con-96

186 2121 239 2162 15
270 2099 493 2162 tractis
540 2098 617 2162 ad
654 2097 1013 2162 Bononiam
1064 2099 1554 2164 triumuirorum
1601 2099 1806 2183 copiis
1853 2100 2070 2182 aquila
2107 2097 2385 2162 tentorio
2433 2099 2569 2161 eius

270 2204 691 2289 supersedens
748 2205 909 2269 duos
966 2228 1198 2271 coruos
1252 2205 1404 2270 hinc
1458 2211 1524 2270 et
1588 2205 1736 2270 inde
1793 2207 2158 2270 infestantis
2217 2205 2451 2268 afflixit
2507 2209 2572 2270 et

271 2311 349 2374 ad
407 2315 641 2375 terram
700 2312 905 2394 dedit,
958 2317 1223 2378 notante
1278 2314 1455 2377 omni
1512 2315 1796 2377 exercitu
1851 2313 2134 2376 futuram
2186 2312 2571 2394 quandoque

271 2418 443 2482 inter
488 2419 767 2504 collegas
834 2419 1219 2484 discordiam
1282 2420 1477 2484 talem
1545 2420 1754 2502 qualis
1821 2424 2039 2483 secuta
2103 2423 2224 2502 est,
2290 2417 2572 2502 at<que>

272 2525 514 2587 exitum
561 2525 1019 2609 praesagiente.
1102 2525 1159 2608 <.
1190 2575 1203 2588 .
1235 2526 1291 2607 .>
1320 2524 1745 2608 Philippo<s>
1791 2523 2136 2589 Thessalus
2185 2525 2444 2610 quidam
2495 2525 2570 2588 de

186 2657 243 2694 πο
270 2633 493 2695 futura
538 2633 810 2697 uictoria
846 2631 1173 2696 nuntiauit
1211 2636 1471 2697 auctore
1508 2631 1684 2696 Diuo
1725 2629 2008 2714 Caesare,
2046 2633 2228 2696 cuius
2267 2633 2393 2696 sibi
2432 2653 2570 2715 spe-

272 2738 401 2801 cies
440 2739 668 2803 itinere
714 2740 861 2804 auio
910 2740 1310 2806 occurrisset.

454 2843 638 2910 Circa
680 2845 1011 2911 Perusiam
1060 2847 1372 2910 sacrificio
1418 2868 1549 2910 non
1594 2847 1813 2910 litanti
1857 2867 2004 2910 cum
2056 2845 2276 2930 augeri
2323 2844 2569 2909 hostias
2609 2857 2639 2903 2

271 2954 652 3036 imperasset
698 2973 773 3017 ac
819 2952 1034 3016 subita
1080 2953 1415 3036 eruptione
1464 2952 1681 3016 hostes
1730 2973 1984 3016 omnem
2031 2951 2124 3016 rei
2161 2952 2417 3015 diuinae
2463 2974 2571 3034 ap-

270 3063 569 3142 paratum
630 3059 1077 3142 abstulissent,
1142 3061 1438 3124 constitit
1495 3059 1666 3123 inter
1723 3060 2096 3143 haruspices
2105 3108 2124 3141 ,
2185 3081 2348 3142 quae
2409 3058 2572 3142 peri-

186 3189 241 3227 ετ.
271 3164 495 3229 culosa
557 3170 622 3230 et
686 3166 953 3230 aduersa
1016 3166 1401 3231 sacrificanti
1468 3166 1844 3230 denuntiata
1902 3168 2140 3246 essent,
2210 3171 2440 3230 cuncta
2505 3167 2573 3229 in

270 3273 453 3356 ipsos
497 3293 794 3337 recasura
840 3274 949 3358 qui
996 3278 1145 3338 exta
1188 3273 1524 3358 haberent3
1568 3294 1780 3355 neque
1825 3273 2015 3338 aliter
2060 3272 2291 3336 euenit.
2364 3271 2572 3356 pridie

273 3400 467 3461 quam
508 3377 903 3444 Siciliensem
954 3403 1239 3466 pugnam
1286 3380 1487 3444 classe
1533 3379 1984 3478 committeret,
2029 3379 2467 3443 deambulanti
2506 3379 2574 3442 in

418 3597 449 3644 6
494 3591 641 3647 Oros.
668 3591 754 3646 VI
772 3596 866 3657 20,
896 3597 929 3646 5
968 3609 1097 3645 nam
1136 3608 1263 3644 cum
1300 3591 1545 3660 primum
1584 3589 1640 3643 C.
1672 3589 1907 3644 Caesare
1947 3588 2226 3644 auunculo
2265 3607 2364 3643 suo
2403 3591 2573 3642 inter—

272 3671 423 3724 fecto
462 3687 531 3724 ex
566 3670 869 3739 Apollonia
904 3672 1127 3726 rediens
1166 3671 1363 3724 urbem
1399 3671 1805 3740 ingrederetur,
1844 3670 1984 3724 hora
2021 3671 2245 3723 circiter
2280 3670 2453 3723 tertia
2490 3686 2573 3722 re-

272 3751 699 3885 pjlqteaflqjqizlo
737 3767 804 3805 ac
840 3768 980 3820 puro
1018 3767 1211 3806 sereno
1246 3750 1485 3803 circulus
1523 3751 1595 3804 ad
1626 3751 1870 3819 speciem
1901 3750 2160 3804 caelestis
2190 3767 2350 3804 arcus
2381 3749 2570 3802 orbem

418 4015 449 4061 2
488 4009 691 4063 exiluit
720 4009 1005 4079 VLPHQ,
1052 4009 1169 4062 -liit
1199 4009 1254 4062 R
1291 4009 1380 4076 (cf.
1414 4025 1470 4077 p.
1504 4012 1628 4074 112,
1651 4012 1704 4077 1)
1872 4014 1898 4060 7
1939 4009 2146 4062 circulo
2180 4049 2189 4060 .
2217 4051 2260 4061 ..
2295 4008 2487 4079 celesti
2523 4007 2572 4062 G

276 4095 343 4144 10
382 4091 461 4160 et]
502 4090 554 4144 ei
586 4093 635 4143 'I‘
670 4088 1013 4159 (consulatus
1053 4088 1418 4160 die-Bentley)
1550 4096 1615 4141 12
1641 4089 2112 4159 <ap>paruerunt
2133 4089 2381 4156 Bentley,
2405 4088 2573 4139 Mad-

272 4172 361 4241 viy
398 4169 514 4239 (;?)
660 4177 725 4223 18
764 4173 935 4237 atque
973 4170 1184 4223 exitum
1230 4171 1403 4234 Tora,
1450 4172 1510 4222 at
1548 4169 1639 4228 (ad
1681 4171 1752 4238 G)
1792 4170 2004 4222 exitum
2043 4169 2369 4238 (exercitum
2401 4169 2472 4234 V)
2504 4170 2573 4231 Ω,

270 4252 330 4305 et
368 4251 581 4304 exitum
622 4251 767 4306 Roth
940 4256 1005 4302 19
1046 4251 1301 4304 lacunam
1347 4251 1541 4304 statuit
1579 4251 1750 4314 Boot,
1795 4251 2012 4316 ear-plens
2060 4249 2216 4302 eunti
2263 4247 2574 4315 (accedenti

270 4332 361 4384 uel
397 4330 773 4398 proficiscenti
811 4331 1098 4398 Bic'cheler)
1145 4337 1195 4384 et
1240 4335 1354 4382 tum
1400 4329 1810 4400 Philippo<s>‚
1857 4329 1916 4381 in
1954 4329 2232 4396 Philippis
2281 4329 2430 4397 moly.
2472 4329 2572 4394 (ed.

272 4411 458 4466 Paris.
491 4429 542 4465 a.
565 4413 757 4480 1509),
796 4410 1075 4479 Philippis
1104 4411 1183 4464 ed.
1217 4411 1366 4463 Iunt.
1392 4415 1535 4464 1510
1563 4412 1656 4474 al„
1695 4409 1846 4478 apud
1877 4407 2166 4477 Philippos
2198 4409 2505 4462 Salmasius

270 4491 505 4560 quidem
534 4491 603 4556 G,
640 4489 913 4558 quiddam
950 4491 993 4545 S
1134 4495 1201 4542 20
1238 4490 1486 4544 futuram
1516 4490 1813 4542 uictoriam
1845 4492 1986 4543 Boot
2132 4495 2198 4540 22
2237 4487 2430 4540 litanti
2463 4485 2575 4555 Μ’,

268 4572 425 4625 litati
466 4571 645 4637 M²G,
688 4571 855 4625 litato
894 4569 1034 4636 X‘o,
1068 4569 1271 4624 litante
1314 4574 1363 4624 Τ
1396 4571 1587 4640 (uuly.)
