3259 5209
595 451 683 514 24
1301 450 1359 504 O.
1398 450 1714 505 SVETONI
1749 450 2195 517 TRANQVILLI

596 636 723 697 qua
767 614 947 697 prius
986 635 1181 697 quam
1218 612 1445 697 dicam,
1490 634 1565 676 ea
1602 634 1764 696 quae
1803 614 1880 677 ad
1917 614 2194 680 formam
2233 620 2298 679 et
2332 613 2624 678 habitum
2664 618 2730 678 et
2766 614 2898 677 cul·

596 724 735 784 tum
800 724 865 785 et
928 741 1167 803 mores,
1229 742 1347 785 nec
1408 721 1621 784 minus
1684 741 1846 802 quae
1915 721 1993 784 ad
2055 720 2273 785 ciuilia
2330 724 2396 784 et
2459 718 2694 785 bellica
2759 722 2897 786 eius

598 826 810 891 studia
854 827 1235 910 pertineant,
1280 848 1410 889 non
1458 825 1742 890 alienum
1791 826 1913 891 erit
1962 829 2334 891 summatim
2381 847 2714 909 exponere.

487 929 581 997 45
770 930 999 997 Fuisse
1047 933 1323 997 traditur
1368 930 1617 997 excelsa
1665 936 1928 1015 statura,
1975 935 2190 997 colore
2237 931 2506 997 candido
2517 983 2536 1015 ,
2580 932 2892 999 teretibus

594 1037 927 1121 membris,
983 1061 1092 1103 ore
1146 1038 1340 1124 paulo
1396 1038 1712 1123 pleniore,
1767 1040 1970 1124 nigris
2027 1040 2400 1125 uegetisque
2453 1038 2682 1121 oculis,
2739 1039 2896 1103 uali-
2953 1064 2980 1105 ε

592 1144 819 1209 tudine
874 1168 1209 1229 prospera,
1260 1146 1391 1209 nisi
1447 1145 1618 1228 quod
1675 1150 1963 1228 tempore
2019 1150 2307 1211 extremo
2365 1149 2627 1230 repente
2679 1147 2897 1210 animo

593 1251 804 1335 linqui
860 1256 1054 1335 atque
1110 1252 1304 1316 etiam
1362 1274 1477 1335 per
1532 1273 1830 1316 somnum
1879 1252 2184 1316 exterreri
2231 1252 2496 1317 solebat.
2579 1251 2896 1315 comitiali

524 1373 556 1421 2
597 1380 855 1442 quoque
917 1358 1144 1423 morbo
1211 1357 1311 1421 bis
1377 1359 1547 1423 inter
1608 1380 1712 1421 res
1778 1358 2054 1443 agendas
2119 1363 2451 1442 correptus
2517 1362 2632 1422 est.
2727 1357 2898 1423 circa

594 1465 883 1549 corporis
931 1488 1148 1529 curam
1197 1465 1533 1548 morosior,
1581 1470 1654 1528 ut
1698 1486 1828 1528 non
1877 1466 2087 1529 solum
2133 1463 2506 1529 tonderetur
2552 1462 2898 1549 diligenter

595 1594 668 1635 ac
714 1572 1061 1655 raderetur,
1110 1571 1220 1635 sed
1266 1570 1611 1635 uelleretur
1649 1571 1862 1653 etiam,
1909 1576 1981 1635 ut
2030 1571 2290 1655 quidam
2327 1570 2894 1655 exprobrauerunt,
2927 1600 2978 1639 ιο

595 1678 839 1741 caluitii
896 1700 1050 1741 uero
1108 1678 1583 1741 deformitatem
1643 1678 2044 1760 iniquissime
2099 1678 2296 1742 ferret
2341 1698 2530 1761 saepe
2549 1724 2554 1728 -
2576 1677 2894 1741 obtrecta-

594 1788 807 1848 torum
864 1784 1023 1848 iocis
1080 1784 1423 1848 obnoxiam
1481 1788 1798 1866 expertus.
1883 1784 2152 1868 ideoque
2217 1789 2282 1848 et
2337 1784 2738 1848 deficientem
2795 1804 2896 1847 ca-

592 1890 821 1974 pillum
876 1912 1177 1955 reuocare
1225 1913 1262 1953 a
1308 1891 1549 1954 uertice
1602 1889 1982 1954 adsueuerat
2039 1895 2101 1954 et
2149 1913 2226 1954 ex
2275 1890 2574 1954 omnibus
2622 1889 2893 1954 decretis

594 1996 718 2061 sibi
785 2020 823 2061 a
886 2002 1112 2062 senatu
1175 1996 1547 2081 populoque
1609 1994 1966 2061 honoribus
2031 2018 2161 2061 non
2235 1996 2412 2061 aliud
2475 2000 2588 2060 aut
2649 1997 2894 2080 recepit

593 2108 707 2167 aut
760 2105 1098 2188 usurpauit
1154 2102 1461 2168 libentius
1519 2124 1712 2186 quam
1779 2102 1878 2167 ius
1945 2103 2197 2167 laureae
2253 2124 2524 2168 coronae
2579 2107 2893 2186 perpetuo
2925 2131 2974 2171 1⁵

594 2210 951 2295 gestandae.

526 2330 557 2377 3
772 2315 991 2380 Etiam
1039 2316 1217 2380 cultu
1262 2315 1617 2380 notabilem
1663 2315 1905 2380 ferunt:
1951 2339 2138 2380 usum
2188 2316 2358 2380 enim
2407 2315 2540 2379 lato
2589 2315 2774 2379 clauo
2812 2315 2896 2379 ad

594 2444 823 2486 manus
876 2423 1203 2487 fimbriato
1268 2444 1386 2486 nec
1440 2444 1748 2505 umquam
1803 2422 1990 2487 aliter
2046 2444 2238 2506 quam
2284 2422 2442 2506 <ut>
2498 2443 2692 2507 super
2744 2444 2890 2485 eum

595 2527 973 2614 cingeretur,
1019 2533 1083 2593 et
1132 2530 1388 2612 quidem
1426 2528 1696 2593 fluxiore
1743 2531 2056 2612 cinctura3
2103 2529 2270 2593 unde
2309 2550 2636 2593 emanasse
2676 2527 2894 2592 Sullae

596 2635 834 2699 dictum
894 2635 1235 2718 optimates
1297 2636 1551 2719 saepius
1608 2635 2044 2717 admonentis,
2108 2639 2182 2698 ut
2237 2636 2402 2699 male
2456 2634 2894 2719 praecinctum
2923 2662 2976 2701 ω

486 2738 859 2825 46puerum
919 2745 1233 2806 canerent.
1325 2741 1647 2805 habitauit
1702 2742 1911 2826 primo
1969 2742 2036 2805 in
2093 2740 2344 2805 Subura
2401 2741 2668 2806 modicis
2725 2741 2892 2806 aedi-

594 2848 741 2931 buS,
797 2854 944 2931 post
998 2852 1213 2912 autem
1270 2848 1722 2933 pontificatum
1779 2848 2130 2912 maximum
2190 2849 2256 2911 in
2305 2847 2498 2912 Sacra
2545 2850 2652 2912 uia
2698 2848 2891 2912 domo

592 2956 867 3038 publica.
960 2956 1419 3020 munditiarum
1487 2953 2015 3037 lautitiarumque
2091 2954 2634 3019 studiosissimum
2701 2954 2893 3018 multi

592 3061 1037 3145 prodiderunt:
1099 3061 1323 3126 uillam
1381 3063 1445 3125 in
1501 3060 1886 3125 Nemorensi
1943 3085 1980 3125 a
2035 3060 2468 3125 fimdamentis
2523 3060 2890 3125 incohatam

591 3188 953 3251 magnoque
1012 3173 1277 3251 sumptu
1334 3167 1724 3249 absolutam,
1782 3168 1933 3250 quia
1987 3189 2118 3230 non
2171 3171 2310 3231 tota
2367 3167 2445 3231 ad
2495 3168 2778 3233 animum
2831 3168 2892 3231 ei
2919 3193 2970 3233 τε

591 3272 1036 3356 responderat,
1082 3278 1287 3337 totam
1338 3274 1636 3355 diruisse,
1695 3296 2059 3357 quanquam
2107 3279 2365 3339 tenuem
2415 3274 2622 3339 adhuc
2671 3277 2735 3338 et
2781 3274 2892 3338 ob-

593 3384 905 3459 aeratum3
976 3380 1041 3442 in
1111 3379 1627 3463 expeditionibus
1699 3379 2022 3443 tessellata
2084 3386 2147 3444 et
2217 3380 2464 3445 sectilia
2522 3380 2890 3463 pauimenta

487 3480 577 3545 4-7
596 3485 1089 3561 circumtulisse3
1145 3484 1545 3549 Britanniam
1600 3488 1837 3569 petisse
1886 3507 1997 3569 spe
2046 3487 2568 3569 margaritarum,
2620 3508 2889 3569 quarum

594 3591 1083 3675 amplitudinem
1133 3592 1562 3656 conferentem
1620 3592 1941 3656 interdum
1992 3615 2106 3655 sua
2153 3614 2346 3655 manu
2404 3593 2690 3677 exegisse
2737 3614 2890 3676 pon-

738 3818 767 3859 5
807 3812 875 3876 cf.
917 3811 1195 3865 Einhard.
1224 3815 1300 3864 22
1338 3821 1412 3879 (u.
1452 3812 1527 3865 ad
1573 3812 1688 3864 Tib.
1722 3816 1795 3863 68
1833 3818 1880 3863 et
1923 3811 2114 3865 Claud.
2147 3816 2236 3879 31)

736 4012 766 4059 3
805 4005 1093 4074 pertinent
1133 4006 1183 4058 G
1329 4012 1361 4059 9
1399 4022 1511 4059 non
1560 4006 1740 4058 solum
1788 4022 1896 4057 non
1941 4006 1992 4059 G
2137 4005 2442 4074 diligenter
2489 4024 2554 4059 ac
2600 4006 2893 4061 raderetur

592 4106 690 4141 om.
718 4090 767 4140 Τ
890 4091 950 4138 11
986 4086 1129 4138 ferre
1154 4086 1460 4152 GS'HR1,
1490 4086 1712 4139 ferebat
1739 4087 1970 4151 ΤΝρὸ,
1997 4086 2132 4139 tulit
2151 4087 2233 4141 R²
2365 4093 2428 4139 13
2461 4103 2494 4139 a
2522 4104 2622 4141 om.
2649 4086 2700 4140 G
2819 4086 2892 4139 ad

591 4168 861 4221 uerticem
899 4184 932 4226 ς
972 4168 1125 4230 (saec.
1160 4167 1349 4235 XIII)
1496 4169 1866 4219 consueuerat
1894 4166 1958 4219 H
1973 4167 2081 4219 ΡΟ
2098 4168 2220 4219 TN
2251 4180 2388 4234 (ass-
2427 4169 2517 4221 rel.
2543 4173 2762 4235 praeter
2797 4166 2891 4235 M)

596 4254 657 4300 17
700 4262 876 4316 usque
916 4247 989 4299 ad
1026 4262 1225 4298 manus
1254 4246 1342 4313 H,
1382 4248 1444 4298 at
1481 4246 1665 4298 minus
1699 4248 1806 4316 Qs,
1847 4247 1918 4299 ad
1959 4247 2226 4299 amussim
2263 4254 2314 4301 et
2341 4254 2453 4299 tum
2485 4247 2685 4300 striato
2713 4247 2892 4301 Effluet

592 4328 813 4383 Schulze
960 4331 1026 4378 18
1065 4328 1130 4378 ut
1166 4344 1263 4378 om.
1300 4326 1369 4378 M
1382 4324 1719 4395 GRX‘(52)‚
1751 4334 1879 4395 post
1914 4343 2017 4379 nec
2064 4327 2190 4379 add.
2215 4326 2369 4395 HQs
2408 4328 2588 4395 (edd),
2626 4332 2752 4380 ante
2789 4342 2892 4379 nec

596 4408 852 4474 Gujetu8‚
887 4414 1011 4474 post
1039 4422 1209 4474 quam
1239 4408 1469 4477 Bentley
1618 4412 1682 4459 19
1713 4422 1970 4459 manasse
2005 4407 2256 4472 Casanb„
2295 4409 2352 4459 et
2379 4422 2640 4459 manasse
2662 4406 2893 4477 Bentley
3001 4448 3006 4455 .

594 4494 660 4539 20
698 4503 931 4556 puerum
969 4486 1117 4539 male
1154 4486 1539 4555 praecinctum
1581 4486 1669 4551 H,
1708 4490 1775 4553 cf.
1814 4489 2058 4540 illacrob.
2098 4494 2198 4539 sat.
2239 4488 2312 4539 ΙΙ
2337 4491 2388 4551 3,
2419 4493 2453 4540 9
2598 4494 2666 4539 24
2705 4499 2893 4538 nemo-

592 4568 835 4621 rensiain
874 4565 1029 4618 fund.
1064 4568 1137 4619 M
1146 4570 1177 4620 ὁ·
1326 4572 1391 4618 25
1430 4570 1565 4619 nota
1610 4570 1670 4631 T,
1721 4565 1752 4617 i*
1789 4570 1911 4618 tota
1947 4584 2014 4620 ss.
2055 4568 2116 4619 irt-
2155 4567 2209 4620 R
