3259 5209
1181 458 1379 513 NERO
1419 469 1550 520 [on.
1583 469 1759 520 18—20]
2484 457 2609 520 241

311 617 692 702 Polemone,
751 621 906 684 item
968 620 1240 704 Alpium
1302 622 1604 686 defuncto
1664 619 1881 685 Cottio
1940 622 2007 685 in
2063 619 2433 704 prouinciae
2490 621 2617 684 for-

312 747 488 789 mam
535 726 800 811 redegit.

492 831 1050 918 Peregrinationes
1114 834 1270 900 duas
1327 835 1588 900 omnino
1638 835 1949 918 suscepit,
2006 833 2505 898 Alexandrinam
2554 839 2617 897 et
2632 830 2722 898 19

317 937 692 1023 Achaicam3
739 940 850 1004 sed
899 939 1336 1008 Alexandrina
1383 943 1526 1027 ipso
1574 941 1992 1026 profectionis
2040 941 2143 1004 die
2192 941 2439 1006 destitit
2484 943 2617 1004 tur-

255 1067 280 1106 5
313 1045 504 1108 batus
533 1046 843 1132 religione
879 1049 1074 1112 simul
1112 1070 1186 1112 ac
1226 1047 1528 1131 pericula
1591 1071 1745 1113 nam
1784 1069 1931 1110 cum
1968 1047 2320 1112 circumitis
2357 1046 2615 1130 templis

309 1151 375 1214 in
427 1151 582 1216 aede
626 1150 862 1218 Vestae
907 1153 1278 1237 resedisset,
1331 1156 1747 1240 consurgenti
1793 1155 1851 1218 ei
1900 1154 2177 1240 primum
2224 1152 2458 1218 lacinia
2505 1153 2615 1219 ob-

312 1258 539 1340 haesit,
586 1258 734 1323 dein
779 1263 960 1326 tanta
1007 1259 1240 1326 oborta
1291 1261 1500 1348 caligo
1551 1266 1674 1344 est,
1722 1265 1795 1324 ut
1841 1261 2153 1344 dispicere
2197 1282 2329 1325 non
2375 1263 2613 1344 posset.

311 1364 378 1426 in
427 1363 675 1430 Achaia
709 1363 1028 1430 Isthmum
1069 1367 1406 1450 perfodere
1445 1368 1785 1452 adgressus
1826 1367 2267 1450 praetorianos
2306 1389 2427 1449 pro
2468 1389 2615 1430 con·
2652 1382 2683 1429 2

313 1470 492 1534 tione
538 1471 618 1536 ad
663 1471 1096 1538 incohandum
1146 1495 1312 1556 opus
1362 1474 1739 1538 cohortatus
1781 1479 1879 1538 est
1915 1472 2197 1556 tubaque
2235 1473 2422 1558 signo
2462 1472 2613 1537 dato

229 1597 282 1636 ιο
317 1579 564 1658 primus
607 1578 868 1643 rastello
915 1578 1186 1644 humum
1237 1580 1460 1644 effodit
1507 1584 1572 1644 et
1617 1579 1917 1646 corbulae
1957 1585 2325 1666 congestam
2375 1579 2613 1644 umeris

312 1684 562 1748 extulit.
632 1686 902 1768 parabat
940 1689 1004 1750 et
1042 1686 1122 1750 ad
1162 1684 1432 1770 Caspias
1473 1691 1695 1770 portas
1735 1685 2210 1770 expeditionem
2248 1688 2615 1769 conscripta

311 1812 390 1853 ex
436 1787 682 1856 Italicis
729 1813 951 1856 senum
1005 1793 1238 1875 pedum
1287 1793 1607 1858 tironibus
1646 1815 1817 1858 noua
1852 1793 2122 1878 legione,
2170 1814 2361 1875 quam
2392 1792 2613 1876 Magni

311 1896 666 1962 Alexandri
715 1898 1033 1986 phalanga
1079 1898 1468 1982 appellabat.

491 2002 667 2068 Haec
713 2007 948 2089 partim
995 2005 1174 2070 nulla
1219 2007 1735 2089 reprehensione,
1784 2006 2021 2090 partim
2070 2006 2263 2070 etiam
2306 2027 2439 2070 non
2484 2027 2611 2070 me·
2650 2020 2681 2066 3

229 2130 280 2168 1⁵
311 2110 517 2174 diocri
563 2110 749 2174 laude
797 2112 990 2198 digna
1037 2113 1105 2176 in
1151 2136 1354 2177 unum
1402 2113 1666 2195 contuli,
1714 2118 1785 2178 ut
1832 2133 2228 2176 secernerem
2269 2135 2307 2176 a
2354 2111 2609 2195 probris

310 2237 386 2280 ac
433 2217 778 2282 sceleribus
827 2220 982 2302 eius,
1030 2219 1108 2283 de
1156 2220 1393 2302 quibus
1442 2219 1673 2284 dehinc
1719 2220 1943 2284 dicam.

491 2321 666 2388 Inter
725 2330 964 2390 ceteras
1026 2326 1400 2409 disciplinas
1463 2327 1777 2411 pueritiae
1841 2330 2131 2410 tempore
2196 2325 2482 2391 imbutus
2547 2331 2613 2388 et
2631 2321 2720 2386 20

312 2432 582 2513 musica,
638 2433 858 2495 statim
915 2437 988 2496 ut
1043 2434 1384 2517 imperium
1431 2433 1701 2517 adeptus
1749 2439 1871 2516 est,
1927 2431 2254 2515 Terpnum
2302 2432 2611 2496 citharoe-

313 2537 464 2600 dum
530 2537 858 2623 uigentem
923 2548 1080 2604 tunc
1147 2545 1401 2623 praeter
1465 2541 1626 2604 alios
1692 2540 1982 2604 arcessiit
2046 2538 2398 2622 diebusque
2464 2561 2609 2604 con-

229 2661 282 2699 30
311 2643 512 2707 tinuis
568 2649 720 2727 post
775 2666 996 2708 cenam
1053 2648 1306 2710 canenti
1367 2648 1436 2710 in
1493 2647 1763 2710 multam
1816 2651 2071 2710 noctem
2118 2644 2408 2710 assidens
2455 2669 2610 2729 pau-

309 2751 494 2813 latim
543 2756 608 2814 et
653 2752 789 2834 ipse
838 2751 1133 2817 meditari
1183 2755 1588 2837 exercerique
1646 2753 1857 2837 coepit
1910 2773 2117 2835 neque
2166 2773 2388 2815 eorum
2435 2753 2609 2836 quic-

311 2877 504 2938 quam
553 2859 875 2941 omittere,
931 2881 1094 2942 quae
1141 2860 1398 2945 generis
1447 2860 1582 2924 eius
1639 2861 1916 2924 artifices
1973 2860 2077 2922 uel
2136 2857 2607 2922 conseruandae

311 2963 489 3028 uocis
547 2985 740 3028 causa
785 2966 892 3028 uel
935 2965 1264 3050 augendae
1309 2967 1707 3050 factitarent3
1754 2965 1865 3030 sed
1913 2969 1976 3028 et
2023 2964 2392 3047 plumbeam
2432 2963 2608 3027 char—

309 3072 444 3132 tam
493 3070 761 3152 supinus
811 3075 1070 3154 pectore
1117 3073 1432 3138 sustinere
1481 3081 1544 3136 et
1593 3074 1865 3156 clystere
1910 3071 2287 3153 uomituque
2342 3071 2606 3156 purgari

229 3191 280 3230 ’ὁ
315 3178 372 3237 et
410 3176 730 3241 abstinere
758 3179 970 3260 pomis
1001 3179 1290 3262 cibisque
1319 3180 1777 3262 officientibus3
1815 3179 2017 3242 donec
2055 3176 2420 3241 blandiente
2460 3199 2605 3260 pro-

307 3282 500 3363 fectu,
543 3303 930 3365 quamquam
969 3284 1244 3368 exiguae
1291 3286 1472 3349 uocis
1509 3289 1572 3348 et
1621 3285 1855 3366 fuscae,
1904 3283 2159 3366 prodire
2207 3282 2275 3348 in
2312 3304 2603 3366 scaenam

307 3388 652 3470 concupiit,
691 3387 959 3452 subinde
995 3389 1161 3454 inter
1194 3391 1542 3454 familiares
1573 3390 1885 3454 Graecum
1918 3388 2327 3472 prouerbium
2358 3389 2604 3454 iactans

309 3495 660 3558 occultae
729 3497 1061 3560 musicae
1136 3497 1435 3561 nullum
1505 3520 1673 3561 esse
1734 3501 2188 3580 respectum.
2273 3500 2337 3559 et
2391 3495 2675 3578 prodita

305 3597 587 3681 Neapoli
635 3601 918 3682 primum
963 3621 1040 3666 ac
1083 3625 1164 3666 ne
1214 3624 1522 3667 concusso
1573 3603 1831 3687 quidem
1878 3606 2142 3685 repente
2180 3607 2363 3667 motu
2399 3608 2607 3666 terrae

229 3723 282 3761 ³⁰
307 3705 562 3769 theatro
582 3711 728 3770 ante
750 3711 1004 3771 cantare
1027 3707 1290 3790 destitit,
1321 3731 1514 3792 quam
1545 3709 1917 3773 incohatum
1957 3709 2319 3772 absolueret
2348 3730 2605 3772 nomon.

602 3859 691 3866 ο-.-

453 3942 484 3987 4
523 3933 890 3990 alexandrina
933 3937 1045 3988 GH
1053 3938 1110 4000 T,
1150 3953 1307 3990 -nam
1344 3938 1435 3990 rel.
1469 3939 1561 4006 (Ω)
1600 3943 1651 3991 et
1686 3938 1766 3990 sic
1805 3939 2033 4004 Bentley
2072 3939 2250 4006 leyens
2280 3943 2469 4004 postea
2509 3936 2605 3988 de-

309 4014 500 4078 seruit,
539 4014 922 4068 Alexandrina
961 4017 1022 4070 in
1063 4017 1202 4071 Oud.
1354 4017 1445 4069 die
1484 4035 1584 4072 om.
1621 4017 1671 4070 G
1825 4016 2085 4070 destituit
2124 4033 2201 4082 ρς
2366 4021 2397 4069 5
2438 4015 2604 4069 simul

309 4093 582 4163 religione
618 4098 664 4148 Τ
829 4113 956 4148 cum
994 4113 1094 4150 om.
1127 4098 1224 4162 M,
1257 4105 1382 4164 post
1419 4085 1549 4150 nam
1587 4097 1715 4150 add.
1746 4097 1915 4165 1106,
1948 4102 2073 4164 post
2112 4095 2338 4164 templis
2373 4096 2543 4150 GRX

309 4174 559 4228 circuitis
582 4173 707 4228 GT'
801 4180 828 4226 7
850 4175 1056 4229 deinde
1083 4177 1170 4236 Τς
1191 4178 1383 4246 (aalys)
1469 4177 1757 4244 despicere
1780 4179 1848 4242 Ω,
1869 4193 2002 4230 corr.
2028 4193 2059 4234 ς
2092 4176 2228 4242 (edd.
2244 4192 2329 4242 pr.
2355 4176 2532 4245 Rom.)

313 4259 372 4305 11
414 4253 734 4323 conscripta
764 4254 977 4325 HQST,
1017 4259 1160 4308 -tam
1198 4257 1290 4310 rel.
1322 4259 1415 4324 (Ω)
1539 4262 1602 4308 13
1642 4255 1989 4324 phalangam
2026 4259 2085 4319 Y,
2124 4271 2320 4324 -guam
2349 4255 2405 4318 S,
2449 4272 2603 4324 -gem

310 4333 470 4386 LPT
579 4341 644 4388 15
681 4333 920 4402 probriis
955 4337 1040 4400 M,
1070 4336 1262 4404 probri
1293 4337 1403 4390 LP
1510 4341 1573 4390 16
1615 4337 1703 4406 ac]
1745 4339 1802 4389 et
1834 4337 1900 4401 G,
1937 4353 1970 4388 a
1999 4338 2054 4389 P
2165 4339 2226 4386 19
2268 4334 2500 4388 arcessit
2531 4337 2603 4399 R,

308 4411 566 4466 accersiit
594 4417 764 4482 (acer-
804 4415 872 4481 T)
899 4415 1130 4469 GPS'T
1249 4417 1447 4469 diebus
1481 4417 1614 4469 GR¹
1729 4421 1791 4468 23
1831 4417 1985 4470 uocis
2020 4415 2203 4486 gratia
2236 4415 2302 4467 H
2404 4421 2469 4467 25
2502 4432 2602 4483 po-

309 4492 460 4546 tibus
489 4496 575 4547 uel
604 4494 848 4564 pomatis
873 4495 1164 4550 Reinesius
1309 4502 1375 4548 28
1407 4496 1616 4564 prodiit
1650 4496 1752 4548 'I’T
1778 4497 1970 4564 (uuly.)
2126 4499 2191 4546 29
2227 4492 2450 4562 neapoli
2478 4493 2603 4561 HQ,

307 4573 826 4644 neapolim,1·el.(52)
952 4579 1018 4627 30
1056 4593 1261 4628 nomen
1299 4578 1408 4644 (uel
1443 4579 1592 4642 nom)
1623 4576 1744 4628 XN
1775 4577 1967 4642 (quam
2004 4574 2269 4626 inchoata
2308 4572 2494 4626 finiret
2524 4573 2607 4638 H)

415 4671 686 4713 svn-rotun
714 4674 783 4713 ed.
811 4673 945 4714 Ihm.
999 4675 1036 4712 1.
2164 4668 2227 4716 16
