3259 5209
646 469 777 533 164
1338 467 1394 523 C.
1435 467 1750 522 SVETONI
1787 465 2232 532 TRANQVILLI

646 633 817 698 enim
853 631 1353 697 necessitudines
1390 630 1668 715 reliquas
1699 667 1780 676 -
1812 631 1924 695 diu
1961 634 2298 694 cunctatus
2337 649 2420 692 an
2458 627 2584 692 sibi
2621 647 2946 691 successo-

647 760 781 802 rem
830 738 1203 821 destinaret,
1262 739 1694 823 adoptandum
1745 735 2003 801 Tiberio
2049 736 2321 820 dederit3
2377 734 2471 798 sic
2517 735 2718 819 uulgo
2763 733 2946 796 fauo-

646 843 897 930 rabilis,
941 849 1015 909 ut
1063 845 1323 930 plurimi
1370 844 1650 928 tradant,
1708 843 2008 928 quotiens
2058 841 2280 926 aliquo
2328 840 2662 906 adueniret
2707 838 2813 904 uel
2861 837 2948 904 si·

644 951 849 1018 cunde
911 952 1288 1036 discederet,
1349 974 1499 1036 prae
1554 950 1745 1015 turba
1801 950 2272 1016 occurrentium
2331 947 2946 1033 prosequentiumue

643 1080 1128 1143 nonnumquam
1190 1080 1337 1123 eum
1396 1057 1738 1123 discrimen
1801 1057 1976 1122 uitae
2020 1057 2254 1139 adisse,
2315 1078 2350 1120 e
2398 1052 2740 1119 Germania
2783 1074 2943 1118 uero
3005 1077 3036 1115 5

646 1169 797 1252 post
861 1187 1290 1251 compressam
1356 1165 1736 1230 seditionem
1799 1163 2151 1229 reuertenti
2213 1162 2654 1247 praetorianas
2720 1159 2957 1225 cohor?

645 1277 741 1337 tes
790 1274 1123 1337 uniuersas
1173 1272 1463 1356 prodisse
1519 1272 1809 1354 obuiam,
1866 1270 2166 1355 quamuis
2221 1267 2712 1354 pronuntiatum
2759 1273 2944 1348 esset,

646 1383 720 1444 ut
766 1379 927 1444 duae
974 1383 1226 1444 tantum
1274 1380 1466 1443 modo
1514 1378 1789 1462 exirent,
1841 1378 2068 1464 populi
2116 1380 2329 1442 autem
2377 1373 2654 1440 Romani
2701 1395 2946 1454 sexum,

647 1489 949 1570 aetatem,
997 1487 1280 1551 ordinem
1334 1507 1585 1551 omnem
1635 1507 1840 1569 usque
1896 1485 1974 1549 ad
2031 1484 2409 1548 uicesimum
2464 1480 2741 1566 lapidem
2789 1481 2945 1545 effu-

578 1589 621 1656 5
655 1593 823 1658 disse
868 1615 953 1658 se.
1036 1597 1254 1658 tamen
1306 1593 1500 1678 longe
1554 1593 1801 1657 maiora
1855 1594 1920 1656 et
1972 1592 2260 1655 firmiora
2315 1589 2392 1654 de
2449 1611 2525 1653 eo
2586 1587 2824 1652 iudicia
2878 1589 2948 1652 in
2977 1610 3036 1649 ιο

650 1703 857 1765 morte
923 1721 999 1765 ac
1069 1703 1217 1784 post
1277 1703 1555 1765 mortem
1611 1699 1981 1763 extiterunt.
2079 1719 2207 1782 quo
2269 1696 2609 1762 defunctus
2669 1698 2796 1759 est·
2825 1694 2950 1779 die,

650 1807 938 1891 lapidata
986 1810 1137 1870 sunt
1190 1805 1456 1890 templa,
1504 1805 1848 1870 subuersae
1895 1805 2084 1869 deum
2133 1825 2308 1887 arae,
2363 1802 2558 1867 Lares
2605 1824 2642 1866 a
2689 1802 2950 1886 quibus-

652 1914 799 1978 dam
839 1913 1190 1978 familiares
1228 1913 1297 1976 in
1330 1912 1663 1997 publicum
1713 1912 1964 1995 abiecti,
2007 1914 2231 1994 partus
2269 1911 2618 1995 coniugum
2653 1908 2950 1993 expositi.

656 2021 815 2104 quin
862 2024 927 2084 et
975 2019 1279 2084 barbaros
1327 2019 1570 2102 ferunt,
1616 2018 1853 2102 quibus
1900 2017 2276 2082 intestinum
2323 2016 2685 2100 quibusque
2729 2015 2953 2080 aduer-

658 2148 770 2191 sus
823 2147 943 2191 nos
998 2126 1241 2190 bellum
1298 2130 1490 2206 esset,
1546 2127 1728 2190 uelut
1774 2125 1842 2190 in
1889 2124 2238 2190 domestico
2287 2123 2738 2206 communique
2785 2145 2954 2186 mae·
2984 2145 3036 2186 ιε»

653 2252 799 2298 rore
825 2232 1220 2297 consensisse
1250 2232 1329 2296 ad
1360 2231 1668 2316 indutias3
1713 2231 1974 2316 regulos
2013 2231 2325 2315 quosdam
2363 2227 2628 2292 barbam
2657 2229 2952 2312 posuisse

656 2343 721 2404 et
768 2361 1038 2404 uxorum
1093 2340 1305 2424 capita
1357 2339 1589 2403 rasisse
1635 2338 1716 2402 ad
1763 2337 2069 2402 indicium
2119 2336 2384 2401 maximi
2430 2335 2668 2420 luctus3
2723 2356 2950 2421 regum

662 2446 857 2511 etiam
903 2467 1119 2530 regem
1160 2450 1222 2510 et
1264 2445 1717 2510 exercitatione
1757 2444 2030 2510 uenandi
2069 2449 2134 2509 et
2172 2444 2469 2508 conuictu
2519 2443 2950 2528 megistanum

582 2549 629 2615 6
659 2553 1074 2633 abstinuisse,
1129 2553 1301 2637 quod
1346 2552 1516 2636 apud
1571 2551 1847 2616 Parthos
1903 2551 2196 2634 iusti<ti>
2241 2550 2444 2616 instar
2498 2553 2612 2613 est.
2703 2547 2952 2612 Romae

656 2659 934 2745 quidem,
982 2682 1123 2725 cum
1173 2659 1255 2723 ad
1288 2659 1563 2744 primam
1603 2659 1843 2722 famam
1881 2656 2256 2722 ualitudinis
2295 2657 2574 2721 attonita
2608 2659 2673 2719 et
2709 2659 2954 2719 maesta
2981 2679 3034 2718 ιο

658 2767 887 2832 ciuitas
934 2765 1258 2850 sequentis
1303 2766 1569 2830 nuntios
1618 2765 2047 2849 opperiretur,
2103 2769 2168 2828 et
2214 2767 2475 2847 repente
2523 2764 2651 2827 iam
2697 2761 2954 2844 uesperi

657 2875 917 2939 incertis
964 2872 1333 2938 auctoribus
1382 2870 1788 2936 conualuisse
1834 2871 2089 2935 tandem
2137 2868 2670 2954 percrebruisset,
2711 2867 2953 2952 passim

657 3004 804 3047 cum
858 2978 1212 3044 luminibus
1267 2983 1333 3043 et
1378 2977 1662 3042 uictimis
1719 2977 1786 3041 in
1845 2975 2237 3061 Capitolium
2297 2997 2678 3041 concursum
2737 2979 2836 3039 est
2881 2996 2955 3038 ac

660 3109 859 3174 paene
906 3087 1193 3153 reuolsae
1238 3085 1467 3170 templi
1515 3085 1714 3168 fores,
1772 3106 1849 3148 ne
1898 3084 2051 3167 quid
2107 3083 2446 3168 gestientis
2490 3087 2648 3147 uota
2693 3081 2956 3145 reddere

659 3199 1042 3278 moraretur,
1088 3191 1572 3278 expergefactus
1621 3213 1657 3254 e
1702 3212 1929 3255 somno
1975 3189 2273 3255 Tiberius
2329 3189 2796 3275 gratulantium
2843 3209 2952 3252 uo·
2984 3213 3038 3251 25

659 3301 838 3367 cibus
884 3306 1077 3385 atque
1122 3299 1405 3383 undique
1451 3297 1924 3363 concinentium
1967 3297 2080 3379 <F
2074 3295 2200 3360 PR
2236 3319 2300 3378 p.
2329 3297 2525 3378 360>:

750 3407 965 3472 salua
1000 3406 1259 3484 Roma,
1306 3405 1519 3469 salua
1566 3405 1846 3488 patria,
1894 3402 2153 3467 saluus
2201 3407 2318 3466 est
2357 3401 2866 3466 Germanicus.

589 3526 621 3573 2
662 3520 726 3579 et
784 3518 860 3578 ut
919 3513 1172 3577 demum
1232 3513 1366 3576 fato
1427 3512 1719 3575 functum
1781 3511 1994 3596 palam
2052 3511 2292 3574 factum
2347 3513 2470 3592 est,
2525 3530 2654 3571 non
2702 3507 2958 3573 solaciis

662 3621 838 3702 ullis,
893 3641 1025 3685 nou
1078 3619 1304 3684 edictis
1359 3617 1640 3682 inhiberi
1693 3619 1908 3682 luctus
1953 3616 2254 3701 publicus
2309 3615 2527 3700 potuit
2573 3615 2958 3696 durauitque

664 3728 855 3794 etiam
911 3750 1025 3812 per
1078 3726 1275 3790 festos
1331 3723 1707 3789 Decembris
1765 3724 2002 3789 mensis
2059 3723 2211 3788 dies.
2295 3723 2478 3786 auxit
2535 3721 2808 3807 gloriam
2855 3719 2958 3783 de·
2989 3746 3048 3786 so

663 3835 1096 3917 sideriumque
1169 3831 1453 3896 defuncti
1528 3835 1592 3894 et
1657 3832 1961 3894 atrocitas
2035 3829 2508 3912 insequentium
2575 3832 2958 3911 temporum,

665 3942 912 4008 cunctis
967 3961 1083 4005 nec
1140 3943 1375 4003 temere
1433 3936 1848 4023 opinantibus
1903 3939 2262 4000 reuerentia
2317 3937 2455 4000 eius
2511 3955 2586 3998 ac
2641 3937 2818 3998 metu
2864 3955 2958 3997 re·

811 4124 837 4170 1
879 4117 1172 4170 cunctatus
1211 4113 1285 4166 sit
1317 4114 1367 4168 G
1512 4119 1542 4164 2
1582 4127 1654 4165 an
1693 4112 2000 4180 optandum
2037 4112 2086 4164 G
2230 4109 2495 4164 tiberium
2539 4109 2610 4162 M
2615 4109 2632 4141 ¹
2777 4113 2808 4162 3
2843 4111 2960 4161 tra-

665 4198 809 4250 dunt
836 4199 895 4250 X
1009 4200 1039 4246 4
1080 4193 1501 4263 sequentiumue
1536 4193 1587 4247 G
1711 4199 1742 4245 5
1781 4209 1811 4245 e
1847 4209 1949 4245 om.
1974 4195 2022 4244 ‘I‘
2147 4197 2178 4243 6
2217 4189 2550 4244 reuertentis
2581 4191 2654 4243 M
2777 4193 2844 4241 10
2872 4188 2958 4241 in-

666 4278 813 4330 ditia
856 4278 917 4342 T,
951 4275 1165 4328 indicia
1203 4275 1450 4344 Bentley,
1486 4274 1555 4340 cf.
1590 4273 1706 4328 Gal.
1726 4277 1799 4326 25
1967 4277 2027 4324 11
2071 4272 2159 4341 ac]
2199 4272 2257 4324 et
2297 4270 2348 4324 G
2510 4275 2574 4323 19
2611 4269 2825 4322 iusticii
2855 4269 2960 4338 HQ

666 4357 782 4427 (·tii
810 4357 929 4425 L⁸)‚
959 4355 1095 4408 iusti
1122 4355 1213 4408 rel.
1243 4355 1336 4422 (Ω.)
1446 4359 1513 4406 22
1544 4351 1925 4406 conualuisset
1949 4354 2022 4405 M
2023 4351 2192 4406 GL¹6
2301 4351 2643 4418 tandemque
2663 4349 2714 4404 G
2743 4352 2878 4418 (non
2904 4351 2959 4418 9)

667 4443 735 4490 25
765 4437 1116 4490 morarentur
1144 4433 1331 4489 LPH¹
1369 4435 1520 4503 (pars
1557 4432 1698 4500 edd.)
1809 4432 1860 4501 e]
1903 4447 1936 4484 a
1978 4431 2024 4501 Q
2132 4434 2217 4484 est
2249 4436 2374 4498 post
2401 4429 2658 4482 Tiberius
2695 4429 2824 4483 add.
2857 4429 2962 4498 HQ

666 4519 859 4587 (zaeuly.)
998 4521 1064 4567 28
1096 4516 1174 4584 et]
1214 4514 1311 4566 sed
1350 4531 1375 4568 e
1410 4513 1523 4567 cod.
1562 4513 1611 4565 T
1606 4529 1714 4566 orr.
1747 4511 1978 4566 Casaub.
2126 4517 2194 4563 30
2231 4509 2510 4579 perfectos
2543 4509 2795 4575 GL¹PT,
2835 4525 2961 4578 pro·

668 4598 841 4650 festos
879 4599 986 4664 (·as
1021 4595 1085 4664 Q)
1107 4595 1239 4663 H¹Q
