3259 5209
1117 423 1413 478 TIBERIV
1416 423 1452 476 S
1491 434 1622 484 [ου’.
1655 435 1832 484 11-141
2501 421 2620 485 127

322 609 487 670 quae
544 591 858 670 temptare
914 587 1319 673 singulorum
1375 587 1623 651 animos
1689 585 1768 650 ad
1823 607 2026 650 nouas
2081 608 2182 649 res
2236 585 2624 649 uiderentur.

322 693 402 757 de
458 716 585 776 qua
650 693 1017 777 suspicione
1082 694 1318 758 certior
1380 693 1461 756 ab
1518 693 1818 780 Augusto
1883 693 2092 757 factus
2155 713 2284 756 non
2351 691 2626 756 cessauit

322 800 683 886 efflagitare
739 801 1019 884 aliquem
1078 799 1425 865 cuiuslibet
1479 800 1724 864 ordinis
1789 800 2120 864 custodem
2182 799 2368 864 factis
2433 804 2626 883 atque

323 907 517 970 dictis
578 907 727 971 suis.
810 907 959 991 equi
1021 929 1278 992 quoque
1342 912 1407 971 et
1466 929 1792 971 armorum
1855 907 2077 970 solitas
2132 906 2622 970 exercitationes
2645 903 2731 970 13

268 1041 295 1079 s
323 1013 547 1077 omisit
611 1014 987 1100 redegitque
1050 1035 1117 1078 se
1174 1013 1465 1098 deposito
1529 1015 1743 1099 patrio
1799 1013 2030 1078 habitu
2095 1012 2174 1078 ad
2233 1012 2505 1096 pallium
2562 1018 2628 1077 et

323 1120 617 1204 crepidas
679 1125 871 1204 atque
946 1121 1015 1184 in
1078 1121 1191 1185 tali
1259 1125 1435 1184 statu
1509 1119 1772 1185 biennio
1837 1121 1970 1184 fere
2033 1120 2416 1204 permansit,
2482 1141 2626 1182 con-

322 1227 637 1310 temptior
681 1227 747 1290 in
796 1227 931 1292 dies
976 1233 1041 1292 et
1087 1228 1379 1312 inuisior,
1424 1227 1583 1291 adeo
1630 1232 1706 1291 ut
1755 1227 2066 1313 imagines
2105 1227 2242 1290 eius
2279 1230 2341 1290 et
2381 1230 2628 1290 statuas

322 1331 795 1398 Nemausenses
834 1335 1271 1399 subuerterint
1308 1356 1381 1398 ac
1418 1333 1722 1398 familiari
1753 1333 2076 1417 quondam
2115 1333 2415 1398 conuiuio
2455 1355 2626 1396 men·

324 1441 503 1504 tione
558 1442 695 1504 eius
752 1445 895 1505 orta
950 1441 1237 1505 extiterit
1294 1441 1406 1525 qui
1454 1440 1615 1505 Gaio
1665 1441 2106 1526 polliceretur,
2157 1440 2494 1504 confestim
2543 1461 2626 1520 se,

238 1575 295 1614 10
324 1548 382 1610 si
429 1547 697 1630 iuberet,
744 1546 1045 1612 Rhodum
1092 1548 1553 1634 nauigaturum
1590 1551 1913 1631 caputque
1951 1547 2159 1611 exulis
2199 1585 2280 1592 —
2321 1547 2413 1610 sic
2455 1547 2626 1610 enim

324 1653 775 1738 appellabatur
810 1692 899 1700 —
937 1655 1305 1720 relaturum.
1390 1677 1517 1738 quo
1565 1655 1909 1739 praecipue
1956 1676 2084 1718 non
2133 1655 2260 1717 iam
2299 1657 2478 1717 metu
2517 1653 2626 1718 sed
2665 1671 2696 1718 2

327 1760 696 1824 discrimine
753 1767 1007 1825 coactus
1064 1766 1190 1846 est,
1249 1766 1383 1826 tam
1440 1762 1571 1825 suis
1629 1783 1818 1844 quam
1878 1761 2102 1824 matris
2157 1760 2628 1844 inpensissimis

322 1867 627 1951 precibus
674 1867 951 1932 reditum
998 1868 1435 1952 expostulare,
1489 1868 1990 1953 impetrauitque
2038 1866 2296 1931 adiutus
2341 1867 2628 1951 aliquan-

323 1979 467 2037 tum
516 1975 707 2037 etiam
757 1995 923 2038 casu.
1010 1975 1401 2039 destinatum
1436 1975 1738 2060 Augusto
1788 1981 1940 2057 erat,
1993 1974 2157 2038 nihil
2203 1996 2394 2057 super
2441 1997 2514 2037 ea
2563 1997 2629 2036 re

240 2107 295 2148 ιε
328 2081 458 2144 nisi
504 2102 581 2144 ex
629 2081 961 2145 uoluntate
1009 2082 1274 2146 maioris
1322 2082 1414 2146 fili
1454 2086 1762 2166 statuere3
1811 2082 1865 2144 is
1903 2081 2070 2145 forte
2108 2086 2261 2144 tunc
2299 2080 2382 2144 M.
2415 2079 2627 2144 Lollio

326 2187 661 2270 offensior,
716 2187 924 2252 facilis
980 2189 1449 2271 exorabilisque
1506 2189 1573 2251 in
1628 2189 1932 2252 uitricum
1983 2188 2122 2251 suit.
2217 2187 2629 2272 permittente

327 2315 483 2380 ergo
534 2291 693 2358 Gaio
740 2300 1077 2359 reuocatus
1124 2299 1239 2378 est,
1286 2317 1509 2360 uerum
1558 2296 1678 2359 sub
1728 2295 2102 2360 condicione
2141 2317 2218 2357 ne
2259 2317 2447 2378 quam
2489 2317 2630 2378 par-

326 2406 459 2464 tem
508 2422 807 2466 curamue
854 2403 947 2465 rei
992 2425 1051 2486 p.
1092 2403 1453 2489 attingeret.

509 2507 729 2571 Rediit
794 2513 1021 2572 octauo
1082 2513 1229 2592 post
1294 2531 1609 2574 secessum
1679 2531 1875 2593 anno,
1935 2531 2169 2595 magna
2223 2530 2342 2573 nec
2388 2505 2734 2574 incerta14

240 2641 297 2680 20
328 2635 444 2697 spe
490 2615 887 2700 futurorum,
934 2638 1125 2699 quam
1174 2620 1239 2680 et
1284 2617 1555 2679 ostentis
1604 2621 1669 2680 et
1716 2615 2264 2700 praedictionibus
2311 2615 2391 2680 ab
2441 2616 2630 2679 initio

327 2721 561 2785 aetatis
608 2726 999 2805 conceperat.
2247 2801 2256 2810 ,

508 2826 881 2915 Praegnans
927 2851 1003 2892 eo
1050 2829 1236 2892 Liuia
1294 2851 1439 2894 cum
1488 2851 1569 2892 an
1614 2850 1860 2892 marem
1908 2828 2159 2892 editura
2203 2835 2385 2912 esset,
2433 2828 2630 2894 uariis
2669 2845 2700 2892 2

328 2939 619 3017 captaret
665 2935 989 3000 ominibus
1000 2987 1017 3020 ,
1074 2957 1269 2999 ouum
1318 2936 1650 2999 incubanti
1700 2935 1978 3020 gallinae
2026 2934 2412 2999 subductum
2459 2957 2632 2999 nunc

327 3063 447 3104 sua
508 3063 681 3106 nunc
738 3043 1177 3106 ministrarum
1238 3065 1433 3106 manu
1496 3064 1613 3126 per
1677 3043 1851 3106 uices
1905 3064 2107 3125 usque
2163 3043 2355 3125 fouit,
2421 3040 2633 3125 quoad

240 3175 295 3214 2⁵
328 3147 551 3232 pullus
596 3147 938 3236 insigniter
982 3149 1283 3213 cristatus
1330 3148 1627 3213 exclusus
1678 3154 1789 3212 est.
1866 3170 1940 3212 ac
1979 3149 2055 3211 de
2094 3149 2337 3212 infante
2378 3146 2632 3212 Scribo-

328 3256 479 3318 nius
544 3253 1039 3319 mathematicus
1102 3255 1433 3339 praeclara
1496 3257 1878 3339 spopondit,
1950 3257 2145 3320 etiam
2210 3258 2629 3340 regnaturum

330 3361 733 3446 quandoque,
782 3360 893 3424 sed
940 3362 1077 3426 sine
1126 3361 1303 3447 regio
1351 3361 1611 3447 insigni,
1658 3362 1884 3447 ignota
1930 3362 2176 3426 scilicet
2221 3365 2376 3425 tunc
2424 3361 2633 3425 adhuc

332 3465 675 3532 Caesarum
722 3473 1056 3552 potestate.
1140 3473 1205 3532 et
1252 3469 1539 3554 ingresso
1578 3469 1856 3552 primam
1894 3469 2366 3553 expeditionem
2407 3491 2482 3533 ac
2519 3491 2636 3552 per
2673 3487 2702 3532 3

330 3573 779 3640 Macedoniam
814 3575 1117 3640 ducente
1182 3576 1535 3639 exercitum
1600 3577 1670 3639 in
1718 3574 1998 3658 Syriam,
2063 3577 2298 3640 accidit
2341 3581 2415 3639 ut
2462 3575 2634 3659 apud

238 3708 299 3748 so
332 3680 675 3766 Philippos
722 3685 1003 3745 sacratae
1044 3681 1199 3746 olim
1237 3682 1605 3747 uictricium
1645 3682 1975 3768 legionum
2013 3704 2159 3746 arae
2198 3687 2423 3766 sponte
2463 3681 2632 3745 subi-

476 3924 507 3971 3
547 3919 867 3988 afflagitare
899 3921 973 3973 M
1095 3925 1126 3972 5
1164 3919 1385 3987 redegit
1415 3919 1601 3986 sedeq:
1641 3920 1828 3988 posito
1855 3921 1928 3974 M
2051 3937 2108 3974 se
2138 3939 2237 3974 om.
2265 3919 2314 3973 G
2444 3925 2474 3971 6
2505 3935 2634 3972 con-

334 4000 542 4052 tentior
564 3999 747 4055 ΜΘΗ
864 4004 897 4052 8
924 4015 1309 4054 remansenses
1331 4000 1542 4063 (-sisses
1576 4001 1648 4068 V)
1672 4003 1740 4066 Ω,
1781 4017 1915 4054 corr.
1943 4000 2058 4070 9²3
2080 4001 2386 4068 (Be-roald.)
2498 4016 2634 4068 quo-

333 4079 465 4132 dam
488 4079 665 4149 Πῼδς
775 4085 807 4131 9
846 4080 965 4132 eius
1002 4079 1169 4144 Y'P2,
1198 4096 1298 4134 om.
1330 4081 1423 4133 rel.
1453 4081 1579 4146 fort.
1611 4081 1813 4134 rectius
1926 4086 1990 4132 10
2021 4080 2224 4134 extulit
2247 4081 2296 4132 G
2411 4085 2474 4131 12
2515 4081 2632 4131 tam

334 4159 577 4229 X'de,
615 4175 783 4226 quam
818 4159 1083 4214 MGIJR
1120 4161 1269 4226 (inde
1307 4175 1623 4229 qua—qua
1655 4162 1906 4230 Bentley)
2063 4167 2130 4213 20
2163 4161 2324 4228 prius
2363 4163 2419 4211 et
2447 4176 2548 4212 om.
2585 4159 2634 4212 G

336 4245 401 4292 22
433 4255 497 4292 eo
518 4240 715 4308 scrop-si
741 4257 807 4293 εει)
834 4240 973 4293 emti.
996 4241 1231 4304 Bentlei,
1261 4241 1355 4309 qui
1366 4247 1650 4308 praeterea
1675 4258 1892 4310 propos.
1916 4240 2050 4293 olim
2076 4248 2122 4293 et
2151 4241 2392 4308 primum
2413 4241 2636 4306 (Lupus

332 4319 493 4373 Ferr.
515 4319 823 4374 dictauerat
840 4318 1065 4373 Tiberio
1094 4323 1449 4389 praegnans),
1480 4335 1605 4373 eum
1628 4325 1680 4372 ,Ω
1712 4325 1914 4383 (tuetur
1933 4321 2214 4384 Bac-helem
2254 4321 2322 4386 cf.
2347 4322 2444 4373 uit.
2479 4321 2632 4389 Very.

326 4416 383 4467 p.
416 4403 489 4452 55
521 4399 629 4467 R),
668 4399 817 4452 enim
855 4401 935 4458 δς
983 4400 1143 4468 (edd.)
1326 4407 1394 4454 24
1442 4417 1506 4454 eo
1544 4417 1724 4468 usque
1757 4401 1844 4466 H,
1905 4417 2082 4468 usque
2122 4416 2185 4455 eo
2227 4395 2400 4460 VLS.
2455 4415 2634 4466 usque

334 4477 476 4531 adeo
516 4479 675 4532 POT
826 4485 890 4532 27
932 4480 1112 4547 ignoti
1154 4481 1227 4534 M
1236 4481 1352 4534 GV
1501 4481 1701 4550 ignota
1725 4513 1788 4520 —
1812 4483 2094 4549 potestate
2143 4482 2240 4533 del.
2284 4481 2636 4532 Halbertsma

336 4563 403 4610 ⁶29
443 4559 683 4614 ducente
715 4558 1023 4630 GQL’PT,
1060 4559 1357 4613 ducentem
1395 4561 1485 4613 rel.
1528 4562 1610 4628 (in
1654 4562 1726 4613 M
1756 4562 2034 4628 praecedit
2070 4559 2420 4627 macedonia)
