3259 5209
630 418 718 484 32
724 419 765 482 6
1333 417 1390 472 C.
1430 417 1747 474 SVETONI
1784 418 2230 484 TRANQVILLI

634 581 981 666 summa[e]
1056 581 1407 647 industriae
1480 603 1601 646 nec
1673 583 1920 648 minore
1987 581 2425 669 modestiae[t]
2491 584 2688 667 fama,
2763 583 2947 648 sicut

632 693 901 772 apparet
960 693 1315 754 statuarum
1379 693 1442 754 et
1503 690 1852 775 imaginum
1913 689 2050 754 eius
2109 689 2526 755 multitudine
2586 712 2662 755 ac
2721 690 2944 754 titulis

630 816 746 880 per
790 799 1129 880 utramque
1175 796 1593 879 prouinciam.

810 901 970 967 Post
1018 904 1338 988 stipendia
1382 903 1527 968 foro
1576 925 1836 987 operam
1877 902 2052 968 dedit
2095 903 2432 968 honestam
2481 903 2689 990 magis
2735 925 2942 988 quam

634 1008 979 1094 assiduam,
1026 1012 1373 1093 eodemque
1419 1013 1711 1093 tempore
1757 1008 2126 1074 Arrecinam
2179 1009 2555 1095 Tertullam,
2602 1015 2782 1095 patre
2831 1032 2938 1094 eq.
3007 1037 3036 1075 5

632 1113 707 1179 R.
766 1116 877 1181 sed
933 1117 1256 1201 praefecto
1315 1115 1640 1200 quondam
1700 1119 2246 1202 praetorianarum
2298 1115 2690 1200 cohortium,
2745 1117 2942 1182 duxit

633 1245 901 1287 uxorem
958 1227 1023 1287 et
1078 1224 1146 1289 in
1192 1223 1531 1288 defunctae
1585 1223 1799 1289 locum
1848 1222 2156 1289 Marciam
2205 1223 2562 1288 Furnillam
2609 1223 2940 1309 splendidi

633 1329 913 1416 generis3
962 1351 1103 1394 cum
1155 1352 1286 1413 qua
1330 1330 1586 1394 sublata
1628 1330 1767 1394 filia
1813 1329 2163 1394 diuortium
2217 1331 2382 1396 fecit.

810 1435 912 1500 Ex
974 1441 1351 1522 quaesturae
1407 1436 1635 1501 deinde
1689 1436 1934 1502 honore
1989 1437 2230 1523 legioni
2287 1439 2694 1521 praepositus
2751 1436 2940 1502 Tari-

632 1543 859 1608 chaeas
907 1547 973 1608 et
1020 1541 1351 1608 Gamalam
1399 1543 1589 1608 urbes
1637 1541 1908 1608 Iudaeae
1952 1543 2382 1609 ualidissimas
2426 1545 2494 1608 in
2539 1548 2936 1629 potestatem
2977 1572 3036 1610 ιο

634 1651 908 1737 redegit,
973 1672 1139 1734 equo
1196 1650 1471 1734 quadam
1526 1652 1663 1715 acie
1720 1651 1840 1715 sub
1895 1650 2242 1715 feminibus
2299 1652 2537 1715 amisso
2597 1652 2940 1735 alteroque

634 1759 943 1842 inscenso,
992 1758 1173 1822 cuius
1220 1761 1431 1821 rector
1478 1757 1647 1821 circa
1693 1779 1761 1821 se
1809 1756 2118 1821 dimicans
2165 1757 2568 1822 occubuerat.

810 1861 1014 1928 Galba
1058 1885 1211 1929 mox
1257 1869 1515 1928 tenente
1560 1886 1696 1928 rem
1743 1887 1802 1948 p.
1851 1865 2084 1928 missus
2132 1864 2212 1928 ad
2256 1864 2732 1950 gratulandum,
2777 1887 2940 1949 qua-

638 1993 765 2055 qua
824 1972 948 2035 iret
1007 1973 1327 2036 conuertit
1386 1970 1709 2052 homines,
1781 1971 1970 2054 quasi
2029 1971 2396 2054 adoptionis
2461 1972 2669 2057 gratia
2728 1992 2939 2036 arces-

632 2082 894 2142 seretur.
970 2078 1079 2142 sed
1116 2078 1229 2143 ubi
1271 2078 1520 2142 turbari
1566 2099 1788 2141 rursus
1825 2082 2056 2141 cuncta
2092 2079 2312 2161 sensit,
2358 2078 2527 2142 redit
2562 2100 2640 2141 ex
2679 2079 2937 2162 itinere,
2973 2107 3028 2144 ιε

632 2185 939 2268 aditoque
986 2184 1272 2268 Paphiae
1320 2183 1588 2247 Veneris
1648 2185 1937 2266 oracu10,
1993 2183 2147 2247 dum
2193 2183 2271 2247 de
2315 2184 2732 2270 nauigatione
2781 2205 2936 2248 con—

636 2293 808 2374 sulit,
855 2293 1047 2355 etiam
1097 2292 1173 2355 de
1221 2291 1476 2374 imperii
1514 2311 1628 2373 spe
1667 2291 2082 2355 confirmatus
2119 2293 2231 2354 est.
2317 2291 2499 2354 cuius
2539 2291 2720 2354 breui
2760 2313 2937 2356 com-

628 2420 747 2481 pos
804 2403 869 2462 et
923 2398 1003 2461 ad
1058 2397 1559 2482 perdomandam
1606 2393 1905 2460 Iudaeam
1965 2398 2244 2480 relictus,
2299 2398 2654 2462 nouissima
2699 2395 2934 2462 Hiero-

630 2505 1028 2588 solymorum
1104 2505 1587 2589 oppugnatione
1662 2502 1998 2568 duodecim
2073 2506 2588 2589 propugnatores
2653 2504 2930 2569 totidem

630 2610 1013 2695 sagittarum
1052 2611 1328 2674 confecit
1375 2609 1629 2693 ictibus,
1677 2611 1978 2693 cepitque
2014 2632 2088 2673 ea
2123 2609 2326 2674 natali
2361 2610 2532 2674 filiae
2562 2633 2714 2675 suae
2741 2615 2932 2676 tanto
2965 2639 3022 2678 20

627 2717 911 2782 militum
952 2717 1187 2803 gaudio
1226 2739 1299 2781 ac
1336 2717 1574 2800 fauore,
1611 2719 1686 2780 ut
1724 2717 1790 2780 in
1828 2716 2259 2802 gratulatione
2296 2719 2748 2801 imperatorem
2779 2740 2930 2782 eum

632 2822 1180 2889 consalutauerint
1238 2826 1302 2887 et
1356 2822 1627 2886 subinde
1674 2823 2084 2888 decedentem
2131 2823 2468 2907 prouincia
2513 2823 2930 2906 detinuerint,

628 2930 778 2940 *-

773 2988 799 3034 1
838 2982 909 3047 cf.
932 2981 1167 3054 Eutrop.
1203 2981 1322 3034 VII
1341 2984 1485 3046 21,1
1525 2978 2006 3046 bellicosissimus,
2025 2980 2524 3035 moderatissimus.
2637 2985 2703 3035 18
2745 2981 2930 3037 Victor

629 3061 779 3116 Caes.
810 3066 953 3128 9,10
988 3060 1293 3130 Iudaeique
1332 3062 1414 3128 (in
1442 3078 1638 3130 pacem
1674 3062 1866 3129 coacta)
1906 3061 2199 3116 annitente
2227 3060 2343 3114 filio
2362 3059 2508 3127 Tito,
2547 3077 2716 3130 quem
2743 3061 2931 3115 trans-

627 3142 888 3211 grediens
924 3142 985 3195 in
1013 3141 1239 3196 Italiam
1274 3140 1582 3209 reliquerat
1610 3144 1872 3194 externae
1901 3140 2157 3194 militiae.
2227 3141 2376 3197 Oros.
2410 3141 2530 3196 VII
2559 3145 2612 3207 9,
2633 3145 2668 3195 3
2703 3140 2926 3196 relicto-

626 3239 735 3290 que
772 3223 833 3275 in
862 3222 1059 3276 castris
1088 3223 1161 3275 ad
1190 3221 1643 3290 procurationem
1681 3220 1990 3275 obsidionis
2019 3219 2534 3289 Hierosolymorum
2563 3220 2679 3275 filio
2707 3219 2854 3275 Tito.

628 3308 693 3356 18
716 3319 835 3370 sqq.
874 3303 1111 3371 Eutrop.
1145 3303 1267 3356 VII
1284 3305 1434 3369 21,2
1478 3301 1539 3355 in
1586 3301 2009 3370 oppugnatione
2047 3300 2568 3369 Hierusolymorum
2613 3299 2716 3356 sub
2762 3304 2928 3371 patre

624 3381 877 3437 militans
916 3383 1215 3438 duodecim
1250 3383 1696 3451 propugnatores
1732 3380 2029 3434 duodecim
2068 3381 2404 3451 sagittarum
2453 3381 2683 3436 confixit
2717 3380 2926 3436 ictibus

627 3461 973 3531 (ἰσαρίθμοις
1011 3461 1187 3532 βέλεσι
1236 3463 1466 3530 Paean.)
1659 3468 1716 3514 21
1788 3461 1937 3516 Oros.
1971 3463 2096 3516 VII
2124 3467 2176 3526 9,
2197 3467 2232 3515 6
2285 3461 2449 3515 Titus
2495 3461 2806 3530 imperator
2851 3461 2924 3515 ab

625 3543 872 3596 exercitu
910 3543 1325 3610 pronuntiatus.

771 3691 796 3737 1
838 3701 1053 3739 summa
1089 3684 1403 3738 industriae
1432 3717 1497 3724 —
1528 3684 1838 3739 modestiae
1875 3685 2032 3738 fama
2068 3703 2102 3744 ς
2136 3685 2275 3752 (edd.
2311 3702 2400 3754 pr.
2434 3685 2632 3755 Rom),
2669 3701 2926 3739 summae

624 3764 937 3817 industriae
990 3767 1228 3832 (summa
1279 3763 1561 3818 industria
1599 3765 1766 3835 11295
1805 3766 1978 3835 παῖς.)
2017 3797 2082 3804 -
2121 3765 2402 3819 modestia
2451 3767 2510 3819 et
2551 3765 2709 3818 fama
2743 3767 2796 3817 Ω
2846 3767 2928 3832 (et

623 3844 779 3898 fama
816 3861 916 3898 om.
952 3847 1037 3913 N)
1220 3849 1252 3897 2
1290 3848 1350 3898 et
1387 3852 1512 3899 ante
1550 3847 1864 3898 statuarum
1901 3843 2030 3898 add.
2070 3848 2117 3898 Τ
2155 3845 2346 3914 (uuly.)
2529 3849 2562 3897 6
2599 3845 2926 3898 Arrecinam

628 3925 792 3990 Rom,
839 3923 1186 3979 adrecidiam
1225 3928 1358 3992 (arr-
1399 3927 1532 3994 HR)
1570 3928 1623 3978 Ω
1799 3924 2088 3979 tertullam
2125 3929 2194 3992 X,
2239 3923 2532 3978 tertullum
2571 3925 2658 3990 M,
2695 3923 2925 3978 tertullo

629 4005 771 4060 GT&
952 4011 983 4058 6
1024 4005 1146 4076 sed]
1185 4005 1283 4058 sed
1322 4005 1392 4058 de
1431 4007 1562 4072 HR,
1601 4009 1795 4059 natam
1833 4006 1931 4059 sed
1977 4005 2026 4058 T
2203 4009 2232 4058 7
2269 4003 2562 4058 furnillam
2599 4005 2712 4060 LT
2739 4012 2792 4060 et
2818 4021 2927 4074 pro

624 4104 680 4140 u.
712 4087 745 4138 Ι.
769 4085 868 4152 H‘,
906 4083 1215 4138 furmillam
1244 4088 1304 4150 T,
1342 4084 1579 4138 fuluiam
1612 4104 1646 4144 ς
1789 4091 1819 4138 9
1851 4085 1933 4138 Ex
1963 4101 2062 4139 om.
2090 4086 2142 4140 G
2276 4083 2490 4154 legioni
2511 4085 2636 4156 HQ,
2661 4083 2926 4154 religioni

625 4168 668 4235 (-
672 4181 743 4220 ne
764 4165 837 4235 R)
869 4167 1013 4230 MR,
1042 4185 1077 4218 x
1105 4164 1319 4235 legioni
1342 4166 1392 4220 G
1420 4166 1511 4236 (G.
1533 4165 1778 4234 Becker),
1805 4163 2024 4232 regioni
2052 4169 2110 4217 X
2246 4162 2588 4219 Tarichaeas
2617 4167 2660 4234 (·
2637 4163 2853 4218 ·chicas
2873 4183 2924 4231 ς,

624 4245 819 4299 -cheas
851 4246 1102 4311 mainus,
1140 4244 1321 4300 -chias
1344 4247 1592 4316 Bentley,
1630 4243 1852 4300 -cheam
1871 4245 1950 4298 H.
1965 4245 2294 4314 Barbarus),
2331 4245 2580 4299 thracias
2599 4247 2652 4299 ,Ω
2681 4245 2924 4314 (thasias

629 4325 697 4389 G,
734 4325 981 4378 trac-hias
1012 4328 1143 4394 HR)
1297 4332 1363 4379 12
1403 4342 1632 4380 ascenso
1679 4326 1725 4395 Q
1763 4325 1852 4395 (cf.
1892 4327 2000 4378 Iul.
2035 4328 2126 4393 61)
2279 4327 2475 4379 uector
2512 4325 2784 4382 Heinsius

625 4407 819 4458 contra
858 4407 1601 4476 se5(edd.princ.,uu19.)
1753 4411 1817 4458 15
1855 4405 2028 4458 rediit
2062 4408 2109 4459 T
2249 4409 2317 4456 20
2357 4405 2585 4459 confixit
2613 4407 2849 4475 Eutrop.

623 4501 691 4540 ea
723 4488 808 4551 M,
846 4424 989 4538 eam5
1006 4488 1099 4540 rel.
1278 4491 1343 4538 22
1383 4486 1775 4539 consalutauer
1818 4487 1903 4550 Μ,
1941 4487 2170 4538 -uerunt
2199 4486 2280 4538 Πι
2451 4485 2807 4540 detenuerint
2835 4487 2923 4553 M,

623 4565 884 4618 detinuef
911 4565 1049 4619 L¹P
