3259 5209
1011 487 1228 541 DIVVS
1267 485 1622 541 CLAVDIVS
1662 499 1793 548 [cnr.
1826 499 2000 548 39-34]
2520 487 2651 550 223

353 650 464 734 qui
531 672 712 713 more
785 652 988 714 ueteri
1054 651 1132 714 ad
1207 650 1415 716 fulcra
1486 651 1799 716 lectorum
1868 651 2159 714 sedentes
2223 655 2648 714 uescerentur.

353 756 694 840 conuiuae,
751 759 863 840 qui
920 757 1126 841 pridie
1182 757 1496 841 scyphum
1553 779 1817 822 aureum
1874 757 2273 841 subripuisse
2330 757 2649 820 existima-

353 862 573 947 batur,
627 868 927 927 reuocato
977 864 1044 926 in
1101 864 1269 928 diem
1325 868 1654 948 posterum
1714 862 1976 928 calicem
2022 863 2285 927 fictilem
2333 864 2649 947 apposuit.

357 969 595 1034 dicitur
652 969 846 1034 etiam
911 971 1258 1034 meditatus
1316 971 1623 1053 edictum,
1692 992 1818 1054 quo
1875 969 2132 1034 ueniam
2190 970 2369 1033 daret
2424 969 2649 1033 flatum

293 1100 322 1140 5
353 1077 798 1161 crepitumque
845 1077 1092 1141 uentris
1149 1077 1216 1140 in
1263 1077 1564 1142 conuiuio
1612 1077 1975 1163 emittendi,
2022 1098 2168 1140 cum
2214 1075 2647 1160 periclitatum

354 1183 676 1267 quendam
722 1205 876 1268 prae
922 1183 1168 1268 pudore
1214 1205 1292 1248 ex
1339 1184 1737 1248 continentia
1783 1184 2185 1269 repperisset.

535 1288 678 1354 Cibi
724 1289 991 1374 uinique
1040 1312 1444 1374 quocumque
1493 1294 1558 1354 et
1594 1295 1883 1375 tempore
1924 1294 1990 1354 et
2024 1288 2167 1353 loco
2206 1287 2755 1374 appetentissi-33

353 1419 526 1480 mUS,
583 1418 976 1482 cognoscens
1033 1398 1355 1481 quondam
1413 1397 1480 1460 in
1537 1397 1819 1482 Augusti
1880 1397 2023 1460 foro
2081 1397 2373 1480 ictusque
2426 1396 2650 1459 nidore

354 1503 638 1588 prandii,
704 1503 876 1587 quod
943 1503 1008 1567 in
1073 1503 1372 1588 proxima
1434 1503 1667 1568 Martis
1732 1503 1885 1567 aede
1952 1501 2143 1567 Saliis
2204 1503 2651 1588 apparabatur,

271 1633 324 1672 ιο
354 1609 610 1674 deserto
673 1610 986 1674 tribunali
1063 1611 1350 1674 ascendit
1423 1611 1504 1674 ad
1575 1611 1937 1674 sacerdotes
2011 1632 2267 1695 unaque
2331 1609 2649 1674 decubuit.

353 1739 470 1780 nec
525 1721 769 1780 temere
823 1739 1130 1800 umquam
1177 1717 1460 1780 triclinio
1509 1717 1821 1781 abscessit
1865 1717 1992 1781 nisi
2040 1717 2355 1781 distentus
2401 1737 2475 1779 ac
2518 1738 2650 1779 ma-

354 1824 528 1907 denS,
575 1827 640 1888 et
685 1829 761 1886 ut
806 1825 1028 1888 statim
1075 1825 1306 1908 supino
1353 1846 1426 1888 ac
1475 1847 1586 1908 per
1623 1846 1921 1888 somnum
1966 1824 2173 1887 hianti
2220 1823 2419 1907 pinna
2464 1823 2531 1886 in
2578 1843 2649 1886 os

351 1929 683 1994 inderetur
763 1930 845 1993 ad
917 1931 1392 1994 exonerandum
1474 1931 1895 1995 stomachum.
2002 1931 2210 1994 somni
2284 1928 2648 1992 breuissimi
2689 1945 2719 1990 2

353 2041 519 2117 erat,
591 2059 742 2100 nam
815 2042 964 2102 ante
1035 2037 1312 2101 mediam
1386 2042 1642 2101 noctem
1715 2038 2093 2121 plerumque
2162 2035 2503 2121 uigilabat,
2577 2039 2651 2098 ut

273 2167 326 2206 ιε
354 2147 574 2206 tamen
631 2143 913 2207 interdiu
969 2166 1451 2228 nonnumquam
1509 2144 1576 2208 in
1633 2145 1772 2208 iure
1830 2144 2097 2209 dicendo
2146 2141 2651 2208 obdormisceret

353 2248 593 2332 uixque
640 2250 720 2313 ab
769 2250 1102 2315 aduocatis
1150 2251 1227 2314 de
1273 2249 1593 2314 industria
1638 2272 1864 2314 uocem
1912 2250 2299 2335 augentibus
2347 2249 2650 2312 excitare-

353 2463 558 2526 aleam
597 2463 1068 2527 studiosissime
1104 2463 1278 2548 lusit,
1325 2464 1404 2526 de
1443 2465 1624 2528 cuius
1672 2469 1808 2527 arte
1845 2463 2085 2527 librum
2125 2485 2379 2548 quoque
2418 2463 2649 2546 emisit,

356 2570 588 2633 solitus
616 2570 810 2633 etiam
851 2569 918 2633 in
947 2570 1305 2654 gestatione
1348 2568 1585 2655 ludere,
1615 2569 1707 2634 ita
1736 2570 1959 2634 essedo
1990 2569 2301 2654 alueoque
2331 2569 2651 2653 adaptatis

273 2699 326 2737 ευ
353 2699 432 2740 ne
480 2676 662 2740 lusus
709 2675 1224 2741 confunderetur.

536 2781 816 2848 Saeuum
863 2788 928 2847 et
975 2783 1460 2868 sanguinarium
1506 2787 1740 2847 natura
1784 2783 2003 2868 fuisse,
2050 2783 2302 2868 magnis
2339 2775 2757 2846 minimis-34

356 2912 480 2973 que
535 2890 836 2974 apparuit
897 2888 1104 2954 rebus.
1197 2893 1521 2954 tormenta
1577 2890 2027 2973 quaestionum
2088 2911 2453 2974 poenasque
2507 2911 2649 2973 par-

355 2995 703 3060 ricidarum
761 2995 1284 3080 repraesentabat
1350 2996 1776 3081 exigebatque
1832 3019 2067 3060 coram.
2161 3017 2306 3059 cum
2362 2999 2649 3078 spectare

355 3102 608 3186 antiqui
664 3103 866 3166 moris
923 3102 1312 3188 supplicium
1357 3101 1583 3166 Tiburi
1644 3103 2050 3186 concupisset
2107 3106 2171 3165 et
2218 3101 2518 3186 deligatis
2569 3101 2651 3164 ad

275 3228 327 3268 τε
356 3209 576 3292 palum
621 3209 830 3272 noxiis
879 3191 1162 3274 carnifex
1210 3209 1472 3292 deesset,
1519 3209 1796 3273 accitum
1846 3208 1927 3272 ab
1972 3209 2133 3272 urbe
2172 3230 2504 3292 uesperam
2552 3229 2651 3270 us-

357 3337 480 3400 que
545 3315 828 3400 opperiri
893 3317 1347 3400 perseuerauit.
1449 3337 1854 3400 quocumque
1920 3315 2303 3400 gladiatorio
2370 3335 2651 3398 munere,

357 3421 460 3486 uel
519 3443 635 3486 suo
691 3421 798 3486 uel
853 3423 1091 3505 alienO,
1153 3424 1344 3485 etiam
1402 3423 1571 3486 forte
1631 3423 1970 3506 prolapsos
2029 3421 2309 3507 iugulari
2368 3419 2651 3504 iubebat,

357 3529 634 3592 maxime
697 3529 1024 3613 retiariOS,
1090 3534 1164 3593 ut
1228 3529 1661 3613 expirantium
1722 3529 1917 3592 facies
1975 3527 2241 3592 uideret.
2333 3549 2477 3591 cum
2533 3549 2652 3611 par
2689 3539 2719 3586 2

357 3635 681 3719 quoddam
735 3636 981 3699 mutuis
1040 3635 1276 3699 ictibus
1334 3636 1743 3716 concidisset,
1808 3635 2105 3699 cultellos
2162 3634 2286 3699 sibi
2344 3633 2651 3717 paruulos

275 3761 328 3801 ιο
357 3762 432 3804 ex
490 3744 766 3825 utroque
820 3742 991 3805 ferro
1049 3744 1115 3805 in
1170 3763 1358 3805 usum
1433 3743 1566 3804 fieri
1629 3744 1765 3804 sine
1822 3763 2001 3805 mora
2058 3742 2260 3805 iussit.
2352 3741 2651 3805 bestiaris

501 3914 530 3960 ‘1
569 3915 618 3962 et
658 3915 720 3961 17
764 3909 918 3976 Epic.
950 3912 1056 3974 4,3
1113 3908 1296 3961 uentri
1335 3907 1467 3960 uino
1506 3907 1734 3960 libidini
1781 3907 1944 3960 foede
1993 3907 2312 3960 oboediens.
2360 3909 2428 3973 ef.
2472 3907 2653 3960 Victor

359 3989 506 4043 Caes.
538 3992 590 4054 4,
619 3995 649 4042 1

501 4138 528 4184 1
568 4131 666 4198 qui
700 4128 843 4197 T'O,
869 4133 934 4183 ut
962 4133 998 4185 δ
1023 4132 1149 4198 fort.
1179 4133 1394 4194 rectius,
1424 4147 1524 4184 om.
1557 4130 1797 4184 MGLP
1820 4136 1899 4197 (at
1927 4131 1990 4181 ut
2010 4137 2135 4197 post
2162 4129 2343 4182 ueteri
2372 4129 2529 4181 addit
2563 4130 2649 4196 G),

355 4212 424 4277 cf.
455 4211 644 4265 Herm.
675 4214 747 4264 36
766 4215 956 4280 12:295
1065 4211 1316 4263 uescenti
1346 4209 1504 4263 LPO
1532 4211 1815 4280 ioemqeutes
1842 4227 1964 4262 cum
1994 4208 2269 4262 conuiuae
2386 4213 2419 4259 4
2449 4213 2505 4260 et
2528 4215 2653 4275 post

358 4291 520 4345 daret
545 4290 675 4346 add.
697 4291 836 4344 G‘m
949 4297 980 4344 8
1011 4291 1306 4357 uictusque
1336 4294 1403 4355 X,
1433 4289 1616 4342 uictus
1650 4291 1713 4342 N
1821 4295 1882 4342 12
1911 4305 2098 4357 penna
2130 4290 2353 4342 GPTN
2441 4291 2504 4339 14
2535 4289 2651 4340 eui-

355 4370 576 4439 gilabat
607 4371 859 4436 Casaub„
898 4371 966 4435 cf.
993 4371 1138 4440 Auy.
1165 4375 1236 4423 78
1278 4371 1428 4436 Vesp.
1449 4375 1519 4424 21
1672 4376 1736 4421 15
1776 4369 2022 4422 interdiu
2053 4387 2085 4427 ς
2123 4369 2442 4437 (Beroald.)‚
2479 4368 2651 4420 inter-

355 4451 488 4503 dum
519 4455 588 4516 52,
625 4451 774 4504 inter
801 4451 868 4504 N
990 4457 1056 4503 16
1097 4449 1350 4516 uixitque
1372 4450 1468 4504 M1
1588 4456 1653 4500 23
1688 4453 1984 4516 expectare
2017 4451 2193 4514 MGo,
2232 4451 2289 4502 et
2318 4452 2571 4516 spectare
2601 4453 2657 4501 X

355 4533 612 4599 (cumque
642 4548 732 4599 sp-
753 4531 840 4599 N)
982 4537 1049 4583 24
1089 4532 1144 4583 et
1172 4547 1274 4583 om.
1302 4531 1413 4583 LP
1517 4535 1582 4582 28
1615 4531 1699 4599 ut]
1732 4546 1856 4582 cum
1892 4531 1941 4582 G
2052 4531 2304 4582 cerneret
2336 4530 2385 4582 G
2495 4534 2562 4580 30
2593 4530 2651 4581 in

353 4611 540 4682 usum]
578 4610 799 4664 mixtim
826 4612 1056 4680 Bentley
