3259 5209
1059 435 1276 488 DIVVS
1316 433 1675 488 CLAVDIVS
1715 446 1844 495 [car.
1876 447 2050 496 17—201
2544 431 2677 498 213

374 599 600 682 posuit
658 601 956 682 suscepto
1016 600 1084 661 in
1147 619 1214 662 se
1275 598 1507 662 damno
1518 649 1536 682 ,
1595 599 1653 662 si
1714 600 1819 662 cui
1880 599 2035 682 quid
2092 619 2210 681 per
2264 603 2677 683 tempestates

375 706 744 788 accidisset,
808 709 871 768 et
929 725 1128 769 naues
1197 711 1592 770 mercaturae
1656 727 1847 768 causa
1912 704 2378 770 fabricantibus
2442 725 2677 786 magna

377 811 718 876 commoda
765 811 1102 876 constituit
1144 833 1264 895 pro
1316 811 1690 875 condicione
1738 813 2074 896 cuiusque:
2126 811 2348 895 ciui[s]
2394 808 2783 875 uacatio-19

373 941 524 983 nem
587 917 748 1005 legis
813 917 1048 1000 Papiae
1103 917 1466 1003 Poppaeae,
1529 917 1761 983 Latino
1819 920 1919 983 ius
1976 918 2355 1001 Quiritium,
2420 917 2677 982 feminis

322 1047 348 1086 τι
381 1025 483 1088 ius
533 1023 662 1088 IIII
707 1024 1088 1107 liberorum3
1135 1047 1298 1108 quae
1345 1026 1699 1090 constituta
1745 1026 2061 1109 hodieque
2110 1030 2463 1090 seruantur.

559 1131 770 1215 Opera
815 1153 1048 1217 magna
1092 1133 1312 1216 potius
1361 1133 1590 1215 †quam
1638 1133 1995 1197 necessaria
2042 1155 2233 1216 quam
2292 1131 2493 1196 multa
2538 1128 2788 1214 per-20

376 1239 558 1322 feeit,
615 1239 724 1303 sed
769 1238 874 1302 uel
919 1240 1287 1322 praecipua:
1335 1240 1598 1304 ductum
1648 1263 1956 1324 aquarum
2006 1263 2043 1303 a
2080 1237 2239 1304 Gaio
2288 1238 2678 1322 incohatum,

379 1346 534 1409 item
597 1345 998 1409 emissarium
1059 1343 1289 1409 Fucini
1347 1346 1553 1410 lacus·
1584 1350 1974 1430 portumque
2036 1344 2423 1429 Ostiensem,
2484 1366 2682 1428 quan-

379 1474 570 1535 quam
629 1453 822 1515 sciret
877 1474 951 1515 ex
1010 1451 1090 1515 iis
1145 1452 1417 1517 alterum
1477 1451 1557 1516 ab
1605 1451 1905 1538 Augusto
1961 1451 2371 1536 precantibus
2427 1451 2682 1516 assidue

299 1579 350 1618 10
378 1558 614 1622 Marsis
659 1564 982 1644 negatum,
1029 1558 1300 1622 alterum
1350 1581 1388 1622 a
1433 1557 1606 1623 Diuo
1654 1557 1822 1623 Iulio
1870 1561 2123 1643 saepius
2173 1559 2559 1622 destinatum
2610 1579 2682 1622 ac

379 1670 648 1748 propter
715 1663 1160 1728 difficultatem
1225 1665 1554 1729 omissum.
1660 1663 1965 1730 Claudiae
2036 1687 2238 1748 aquae
2308 1665 2556 1749 gelidos
2617 1669 2682 1728 et

379 1773 610 1836 uberes
656 1772 897 1854 fontes,
953 1793 1228 1853 quorum
1278 1771 1461 1835 alteri
1502 1770 1830 1856 CaeruleO,
1878 1771 2063 1836 alteri
2109 1770 2333 1836 Curtio
2382 1776 2447 1835 et
2482 1770 2681 1834 Albu-

383 1878 580 1962 digno
629 1899 862 1941 nomen
910 1881 1026 1961 est,
1071 1877 1393 1960 simulque
1440 1879 1657 1941 riuum
1697 1877 1967 1966 Anienis
2006 1879 2160 1942 noui
2198 1878 2452 1961 lapideo
2492 1899 2683 1962 opere

381 1987 450 2048 in
495 1986 719 2048 urbem
769 1984 1072 2070 perduxit
1118 1984 1466 2068 diuisitque
1515 1985 1584 2048 in
1628 1985 1942 2069 plurimos
1992 1989 2057 2049 et
2104 1984 2547 2048 ornatissimos
2595 1985 2683 2047 la-

300 2113 350 2150 15
381 2113 512 2156 cus.
585 2091 902 2157 Fucinum
951 2091 1290 2178 adgressus
1349 2097 1446 2155 est
1501 2113 1632 2156 non
1678 2092 1893 2156 minus
1942 2091 2284 2175 conpendii
2331 2115 2441 2175 spe
2489 2113 2679 2175 quam
2720 2107 2751 2152 2

381 2199 644 2283 gloriae,
692 2219 836 2262 cum
885 2199 1146 2281 quidam
1201 2197 1458 2281 priuato
1517 2203 1781 2283 sumptu
1841 2199 2186 2263 emissuros
2236 2219 2301 2262 se
2347 2199 2684 2281 repromit-

381 2309 608 2383 terent,
656 2306 708 2369 si
758 2305 882 2368 sibi
931 2305 1151 2369 siccati
1199 2306 1339 2390 agri
1388 2306 1903 2369 concederentur.
1978 2327 2092 2388 per
2130 2305 2254 2369 tria
2290 2309 2505 2369 autem
2542 2325 2683 2388 pas-

383 2433 572 2476 suum
619 2410 800 2474 milia
846 2411 1082 2494 partim
1133 2411 1373 2474 effosso
1423 2417 1640 2475 monte
1696 2412 1933 2495 partim
1983 2411 2197 2475 exciso
2248 2411 2525 2477 canalem
2578 2412 2683 2475 ab·

383 2517 583 2582 soluit
627 2539 814 2602 aegre
861 2521 926 2581 et
971 2521 1120 2601 post
1166 2517 1461 2581 undecim
1511 2539 1741 2602 annOS,
1788 2520 2083 2601 quamuis
2133 2519 2454 2584 continuis
2499 2517 2679 2582 XXX

303 2645 354 2682 20
383 2625 716 2688 hominum
795 2625 1058 2688 milibus
1136 2625 1272 2690 sine
1343 2626 1816 2690 intermissione
1882 2625 2311 2708 operantibus,
2420 2629 2682 2709 portum
2724 2639 2755 2685 3

385 2729 604 2795 Ostiae
649 2731 936 2795 extruxit
991 2731 1428 2796 circumducto
1477 2732 1702 2796 dextra
1748 2733 2135 2814 sinistraque
2184 2732 2448 2797 brachio
2496 2737 2561 2796 et
2607 2733 2685 2795 ad

385 2839 722 2901 introitum
777 2837 1098 2922 profundo
1148 2839 1274 2901 iam
1325 2838 1462 2903 solo
1511 2838 1680 2902 mole
1728 2837 2006 2923 obiecta3
2064 2862 2258 2923 quam
2310 2861 2439 2922 quo
2492 2838 2685 2902 stabi-

383 2943 512 3008 lius
559 2943 872 3028 fundaret,
920 2967 1150 3009 nauem
1200 2950 1346 3008 ante
1395 2945 1715 3028 demersit,
1762 2967 1891 3028 qua
1935 2967 2209 3030 magnus
2250 2945 2568 3009 obeliscus
2608 2967 2685 3008 ex

386 3049 686 3136 Aegypto
733 3051 944 3114 fuerat
987 3051 1312 3136 aduectus,
1361 3054 1812 3138 congestisque
1847 3053 2000 3136 pssjs
2048 3051 2463 3135 superposuit
2512 3051 2683 3114 altis—

570 3267 627 3314 11
665 3261 820 3330 Epit.
852 3267 958 3328 4‚5
997 3277 1146 3330 aqua
1185 3259 1422 3315 Claudia
1461 3262 1673 3315 Romae
1712 3265 1819 3332 (est
1857 3263 1983 3316 add.
2016 3263 2305 3329 Landolf.)
2346 3262 2683 3314 introducta.

389 3347 456 3394 24
479 3357 558 3408 sq.
581 3341 649 3406 cf.
672 3342 950 3396 Einhard.
971 3359 1102 3394 ann.
1127 3343 1380 3396 Lauriss.
1406 3346 1514 3395 811
1544 3342 1843 3410 farumque
1864 3342 1943 3396 ibi
1966 3343 2037 3395 ad
2068 3342 2463 3412 nauigantium
2493 3359 2685 3396 cursus

389 3421 713 3490 dirigendos
769 3421 1082 3489 antiquitus
1140 3421 1507 3475 constitutam
1561 3424 1905 3475 restaurauit
1960 3427 2017 3475 et
2072 3424 2132 3475 in
2187 3423 2509 3476 summitate
2567 3423 2687 3476 eius

391 3503 722 3554 nocturnum
760 3500 948 3570 ignem
987 3503 1260 3555 accendit.
1319 3503 1388 3568 cf.
1423 3503 1536 3556 (fal.
1569 3507 1641 3555 46

568 3685 598 3730 3
631 3678 741 3732 ciui
770 3679 819 3732 T
817 3680 1071 3744 uomebuS,
1102 3679 1302 3746 Πτείη.,
1332 3679 1550 3733 ciuibus
1575 3698 1607 3740 ς
1727 3681 2080 3734 uocationem
2104 3681 2365 3735 GH¹S¹T
2488 3686 2521 3734 4
2551 3697 2687 3749 pop-

388 3775 491 3830 pee
521 3763 720 3830 (popae
747 3776 884 3814 corr.
915 3767 976 3812 ut
1006 3761 1118 3814 uid.
1149 3780 1215 3814 ex
1240 3781 1266 3828 ιΙ
1290 3777 1432 3832 ppee
1463 3765 1545 3829 II)
1574 3764 1633 3826 T,
1673 3777 1943 3830 pompeae
1974 3763 2111 3821 MX,
2139 3762 2399 3831 pompeis
2431 3762 2481 3816 G
2607 3760 2688 3813 la-

389 3837 505 3892 tine
546 3842 622 3910 (-e
651 3841 729 3908 P)
751 3839 992 3904 L’PST,
1032 3841 1247 3894 Latinis
1287 3859 1319 3900 ς
1359 3842 1659 3910 (Beroald.)
1840 3847 1871 3894 ὃ
1909 3841 2078 3894 hodie
2112 3845 2153 3894 Y
2318 3847 2349 3893 6
2389 3843 2689 3910 potiusque

388 3919 704 3972 necessaria
750 3921 830 3974 ed.
861 3920 1018 3973 Rom..
1051 3922 1124 3974 II
1146 3921 1358 3988 (Roth),
1407 3922 1595 3990 potius
1633 3921 2061 3988 necessariaque
2103 3923 2365 3991 Madvig),
2412 3929 2471 3975 at
2507 3923 2691 3989 aptior

391 3999 613 4052 uidetur
641 4001 756 4053 alia
785 4002 982 4068 copula
1013 4003 1096 4069 (ac
1121 4003 1366 4071 Bentley.
1406 4004 1576 4070 atque
1609 4004 1877 4068 Kraffert,
1918 4005 1973 4054 et
2004 4008 2116 4070 eya)
2219 4016 2388 4067 qnam
2416 4003 2689 4068 posterius

389 4095 489 4132 om.
520 4079 656 4149 11¹9
791 4086 818 4132 7
860 4096 1039 4146 aquae
1073 4081 1301 4134 ductum
1332 4082 1458 4146 HR,
1500 4081 1729 4134 ductum
1760 4085 1879 4148 (om.
1912 4087 2202 4150 aquarum)
2237 4083 2282 4151 Q
2403 4088 2464 4133 11
2507 4097 2688 4148 aquae

389 4175 490 4212 om.
525 4159 576 4212 G
702 4166 764 4212 12
797 4159 1081 4213 Albudino
1124 4162 1267 4230 uuly.
1302 4161 1578 4228 (Frontin.
1612 4179 1696 4228 aq.
1730 4167 1819 4228 14)
1952 4168 2015 4214 13
2054 4179 2201 4214 nouo
2231 4166 2319 4214 Χδ
2448 4168 2510 4213 Ιῦ
2552 4161 2687 4213 faci-

389 4255 524 4290 num
555 4241 627 4292 M
771 4245 834 4291 17
875 4255 1071 4308 passus
1117 4243 1330 4294 ,mim
1377 4245 1558 4308 (prior
1596 4259 1621 4293 s
1664 4243 1721 4294 in
1764 4243 1834 4295 M
1867 4245 1957 4310 ss.)
2121 4245 2183 4293 18
2224 4240 2423 4293 effosso
2458 4243 2555 4305 ὃς,
2598 4259 2688 4293 υκ-

389 4317 542 4371 fossa
572 4321 658 4385 M,
695 4319 915 4372 exfosso
949 4321 1173 4384 GLPT,
1213 4339 1312 4374 om.
1360 4339 1500 4382 [cum
1528 4339 1670 4389 sequ.
1707 4325 1894 4374 monte
1925 4321 2151 4389 partim)
2194 4323 2252 4386 T,
2295 4321 2507 4374 ecfosso
2546 4321 2689 4374 Roth

391 4403 457 4450 19
507 4400 785 4452 continuis
823 4399 924 4453 del.
964 4402 1050 4454 uel
1096 4401 1371 4470 {eye-ndum
1427 4419 1599 4454 annos
1652 4403 1944 4454 continuos
1992 4402 2248 4469 quamuis
2286 4407 2456 4469 pic-tat
2492 4403 2687 4454 Bur-m.

392 4485 455 4531 21
497 4477 644 4532 ostia
675 4481 1010 4533 MX10strie
1049 4481 1117 4548 T)
1317 4489 1381 4534 22
1423 4482 1541 4533 salo
1581 4483 1889 4548 Stephanus
1930 4483 2115 4550 (Roth)
2308 4487 2375 4532 23
2414 4483 2604 4534 nanim
2638 4481 2686 4530 G

393 4563 459 4610 24
498 4557 666 4626 pellis
702 4563 750 4612 Y
