3259 5209
1008 445 1228 500 DIVVS
1267 444 1649 500 AVGVSTVS
1689 458 1820 509 [car.
1851 460 2026 509 89-94]
2537 447 2658 512 107

360 606 598 690 stipem
647 609 994 689 quotannis
1042 609 1144 672 die
1192 615 1366 674 certo
1414 610 1856 675 emendicabat
1903 633 1940 674 a
1977 609 2220 695 populo
2259 633 2482 675 cauam
2531 633 2662 674 ma-

356 735 513 776 num
567 735 737 778 asses
782 715 1263 800 porrigentibus
1309 717 1640 802 praebens,

542 819 855 903 Auspicia
910 825 974 885 et
1030 824 1246 887 omina
1290 822 1599 906 quaedam
1658 846 1776 907 pro
1836 825 2208 890 certissimis
2255 816 2768 889 obseruabatz92

356 927 417 991 si
465 948 651 991 mane
708 927 834 991 sibi
888 929 1137 993 calceus
1192 951 1526 1013 perperam
1582 952 1657 994 ac
1715 932 1975 996 sinister
2028 953 2146 1017 pro
2207 933 2432 997 dextro
2480 933 2660 996 indu-

304 1057 331 1096 s
358 1037 629 1117 ceretur,
674 1039 749 1099 ut
794 1035 1053 1119 dirum3·
1080 1037 1135 1100 si
1182 1040 1351 1101 terra
1396 1038 1643 1102 mariue
1689 1038 2088 1123 ingrediente
2135 1061 2202 1102 se
2239 1039 2658 1125 longinquam

356 1139 825 1224 profectionem
872 1141 1041 1206 forte
1087 1147 1390 1225 roi-asset,
1436 1147 1512 1208 ut
1556 1143 1797 1210 laetum
1847 1146 2212 1228 maturique
2259 1151 2323 1210 et
2367 1147 2660 1230 prosperi

357 1247 621 1311 reditus,
696 1247 807 1311 sed
862 1251 929 1312 et
982 1249 1258 1313 ostentis
1314 1252 1655 1333 praecipue
1713 1251 2110 1316 mouebatur.
2192 1257 2445 1318 enatam
2495 1253 2663 1316 inter

352 1353 691 1417 iuncturas
736 1355 1022 1438 lapidum
1071 1360 1219 1420 ante
1266 1357 1524 1420 domum
1575 1379 1758 1421 suam
1798 1358 2078 1441 palmam
2127 1359 2196 1422 in
2241 1359 2658 1444 conpluuium

360 1459 627 1524 deorum
683 1459 1025 1526 Penatium
1078 1463 1436 1546 transtulit,
1492 1468 1694 1546 utque
1751 1465 2134 1528 coalesceret
2183 1487 2420 1550 magno
2469 1488 2662 1549 opere

278 1589 333 1629 ιο
360 1567 630 1631 curauit.
731 1569 902 1652 apud
975 1569 1252 1635 insulam
1326 1568 1602 1654 Capreas
1677 1571 2058 1636 ueterrimae
2121 1571 2286 1636 ilicis
2353 1571 2661 1636 demissos
2701 1585 2735 1632 2

359 1675 489 1738 iam
536 1674 617 1738 ad
662 1679 897 1739 terram
944 1675 1439 1760 languentisque
1484 1697 1696 1741 ramos
1744 1679 2148 1742 conualuisse
2197 1677 2478 1742 aduentu
2525 1701 2661 1760 sue,

360 1781 519 1844 adeo
567 1780 841 1846 laetatus
890 1787 1005 1866 est,
1052 1787 1125 1846 ut
1172 1804 1279 1846 eas
1327 1805 1471 1850 cum
1520 1806 1589 1847 re
1628 1805 1688 1866 p.
1727 1782 2304 1868 Neapolitanorum
2345 1789 2664 1869 permuta-

358 1887 529 1952 uerit
574 1885 853 1952 Aenaria
898 1889 1061 1955 data.
1137 1889 1524 1954 obseruabat
1578 1895 1643 1954 et
1688 1890 1824 1954 dies
1873 1891 2211 1975 quosdam,
2265 1914 2345 1956 ne
2393 1897 2504 1955 aut
2551 1913 2660 1974 po-

358 1994 584 2058 stridie
620 1994 943 2060 nundinas
990 2018 1315 2080 quoquam
1353 1997 1872 2080 proficisceretur
1917 2002 2030 2062 aut
2066 1996 2276 2062 Nonis
2316 1999 2659 2082 quicquam

277 2121 331 2162 ιε
357 2102 453 2164 rei
510 2103 709 2166 seriae
764 2101 1121 2187 incoharet3
1174 2102 1341 2167 nihil
1398 2103 1467 2167 in
1518 2103 1642 2168 hoc
1691 2104 1949 2186 quidem
1996 2104 2171 2169 aliud
2216 2104 2537 2188 deuitanS,
2588 2109 2661 2168 ut

360 2208 439 2271 ad
484 2207 814 2272 Tiberium
864 2209 1107 2293 scribit,
1155 2231 1345 2294 quam
1395 2211 1787 2294 δυσφημίαν
1831 2211 2132 2276 nominis.

537 2315 1027 2402 Peregrinarum
1075 2317 1606 2381 caerimoniarum
1656 2319 1822 2381 sicut
1867 2322 2116 2382 ueteres
2163 2340 2240 2384 ac
2283 2322 2658 2402 praeceptas
2671 2312 2763 2379 93

355 2423 869 2486 reuerentissime
917 2422 1134 2504 coluit,
1180 2423 1273 2486 ita
1321 2429 1559 2486 ceteras
1605 2425 2003 2508 contemptui
2052 2424 2296 2489 habuit.
2380 2447 2659 2508 namque

357 2527 631 2592 Athenis
694 2528 1012 2611 initiatus,
1072 2552 1216 2594 cum
1284 2533 1511 2613 postea
1558 2528 1803 2594 Romae
1858 2552 1977 2613 pro
2039 2531 2344 2596 tribunali
2403 2532 2479 2596 de
2533 2532 2658 2615 pri-

273 2655 331 2694 ιο
357 2635 599 2719 uilegio
654 2635 1057 2700 sacerdotum
1116 2635 1370 2700 Atticae
1429 2634 1680 2700 Cereris
1745 2644 2161 2722 cognosceret
2225 2643 2290 2702 et
2345 2638 2654 2722 quaedam

356 2743 699 2806 secretiora
754 2746 1290 2827 proponerentur,
1347 2743 1613 2807 dimisso
1661 2744 1932 2808 consilio
1991 2748 2055 2807 et
2111 2766 2348 2810 corona
2393 2745 2658 2810 circum·

358 2848 670 2912 stantium
718 2848 895 2914 solus
951 2848 1155 2912 audiit
1202 2849 1648 2933 disceptantes
1741 2855 1810 2913 at
1866 2855 2090 2915 contra
2144 2873 2276 2915 non
2335 2852 2530 2916 modo
2593 2853 2660 2916 in

354 2955 753 3041 peragranda
780 2954 1083 3042 Aegypto
1129 2957 1325 3040 paulo
1364 2955 1700 3021 deflectere
1738 2957 1818 3020 ad
1861 2957 2196 3022 uisendum
2228 2957 2406 3041 Apin
2444 2981 2658 3041 super-

358 3062 547 3140 sedit,
607 3063 719 3126 sed
772 3067 837 3126 et
893 3060 1121 3126 Gaium
1176 3067 1507 3146 nepotem,
1573 3063 1748 3146 quod
1801 3061 2103 3128 Iudaeam
2161 3064 2656 3148 praeteruehens

272 3187 326 3228 2⁶
360 3168 527 3252 apud
574 3167 1155 3253 Hierosolyma[m]
1202 3190 1334 3233 non
1381 3170 1823 3252 supplicasset,
1870 3171 2301 3234 conlaudauit.

536 3275 624 3338 Et
672 3276 977 3360 quoniam
1032 3275 1111 3340 ad
1156 3275 1315 3339 haec
1361 3280 1626 3339 uentum
1675 3281 1799 3358 est,
1843 3298 1979 3341 non
2023 3277 2104 3342 ab
2151 3299 2220 3340 re
2266 3278 2460 3341 fuerit
2509 3272 2763 3341 sub-94

358 3387 589 3465 texere,
644 3403 807 3464 quae
862 3384 922 3446 ei
976 3382 1155 3466 prius
1212 3404 1405 3466 quam
1461 3387 1830 3446 nasceretur
1879 3389 1944 3446 et
2000 3385 2142 3467 ipso
2187 3385 2387 3448 natali
2434 3385 2536 3448 die
2585 3405 2656 3448 ac

501 3581 567 3628 24
611 3576 761 3630 Oros.
803 3575 927 3629 VII
956 3577 1143 3643 3,4sq.
1221 3574 1424 3628 Gaium
1470 3577 1735 3643 nepotem
1788 3593 1949 3629 suum
1997 3574 2204 3630 Caesar
2250 3578 2536 3646 Augustus
2584 3579 2655 3632 ad

355 3655 701 3709 ordinandas
747 3655 992 3723 Aegypti
1049 3653 1355 3723 Syriaeque
1411 3655 1732 3723 prouincias
1789 3656 1960 3711 misit.
2036 3658 2134 3725 qui
2189 3659 2536 3726 praeteriens
2585 3659 2655 3712 ab

354 3735 615 3804 Aegypto
644 3735 779 3788 fines
816 3734 1171 3788 Palaestinae
1201 3735 1352 3803 apud
1372 3735 1820 3804 Hierosolymam
1849 3736 1907 3789 in
1937 3737 2148 3805 templo
2179 3737 2266 3790 dei
2298 3740 2430 3790 tunc
2462 3742 2656 3792 sancto

354 3816 416 3868 et
453 3815 659 3868 celebri
697 3815 931 3869 adorare
970 3815 1324 3884 contempsit,
1364 3816 1510 3869 sicut
1539 3815 1838 3870 Suetonius
1869 3817 2230 3884 'Tranquillus
2262 3817 2446 3871 refert.
2504 3818 2656 3886 quod

354 3894 645 3965 Augustus
682 3894 781 3948 ubi
826 3911 929 3963 per
974 3912 1102 3948 eum
1140 3895 1437 3964 comperit,
1476 3912 1653 3964 prauo
1692 3913 1824 3950 usus
1863 3897 2073 3950 iudicio
2112 3898 2419 3965 prudenter
2455 3898 2655 3953 fec-isse

353 3973 633 4029 laudauit.

356 4088 501 4095 —--*-
524 4088 785 4094 -———

502 4152 529 4198 1
569 4144 627 4216 a]
667 4161 698 4198 e
729 4145 803 4199 Μ
921 4149 949 4196 7
990 4147 1049 4198 et
1086 4161 1185 4198 om.
1218 4162 1250 4204 ς
1358 4160 1424 4198 ea
1462 4145 1658 4198 natam
1691 4145 1804 4210 111¹,
1841 4161 1905 4198 eo
1935 4148 2001 4198 ut
2027 4148 2222 4198 natam
2255 4146 2349 4198 Μ’
2475 4152 2540 4200 10
2571 4147 2654 4198 cli-

352 4251 555 4305 missos
578 4251 703 4304 MG
820 4257 885 4304 12
923 4227 1018 4316 aiis
1040 4251 1113 4303 M
1120 4252 1154 4304 ὃ
1184 4254 1237 4319 (o
1265 4267 1332 4305 ss.
1358 4251 1431 4303 M
1442 4250 1501 4318 ²),
1538 4267 1664 4304 eam
1684 4253 1917 4322 Bentley
2026 4269 2085 4305 re
2115 4269 2215 4306 om.
2251 4254 2302 4305 V
2405 4258 2470 4306 13
2501 4254 2652 4306 aeni-

352 4330 477 4386 aria
515 4331 689 4401 (elna-
718 4332 866 4400 S)X
982 4337 1048 4384 15
1086 4331 1256 4399 quide
1294 4331 1353 4383 in
1386 4332 1457 4385 M
1577 4337 1642 4384 16
1680 4347 1850 4398 quam
1889 4350 1986 4385 om.
2026 4333 2264 4386 hocloco
2294 4336 2348 4384 X
2353 4331 2366 4352 '
2491 4335 2652 4386 ΔΥΕ-

353 4413 647 4466 ΦΕΛΛΙὰΝ
684 4413 755 4465 Μ
785 4417 837 4466 et
870 4414 987 4465 sim.
1028 4413 1122 4465 rel.
1154 4412 1215 4478 (Ε
1244 4428 1425 4465 omnes
1445 4419 1666 4479 praeter
1692 4414 1792 4481 Π),
1828 4429 1998 4480 quam
2029 4411 2439 4465 dubitationem
2469 4414 2594 4466 add.
2617 4414 2658 4466 S

352 4499 402 4546 et
436 4493 518 4546 sic
550 4509 621 4548 88.
659 4493 723 4544 in
752 4491 909 4546 VLP
1054 4497 1115 4543 17
1154 4494 1409 4559 receptas
1432 4491 1711 4557 Ber-eald„
1748 4492 1997 4560 ptopulo)
2039 4491 2101 4544 R.
2132 4495 2388 4561 receptas
2427 4495 2535 4560 (uel
2563 4510 2652 4546 ac·

353 4574 567 4640 ceptae)
585 4571 725 4625 Oud.
800 4576 861 4624 21
889 4571 1125 4625 concilio
1150 4572 1437 4626 HRP²ST
1506 4577 1571 4623 22
1594 4572 1883 4625 audiuitG
1959 4578 2024 4625 25
2045 4571 2436 4640 Hierosolyma
2455 4576 2651 4627 Burm.
