3259 5209
1059 432 1277 487 DIVVS
1315 432 1552 487 IVLIVS
1594 444 1725 492 [eff.
1756 444 1931 493 11-1‘1]
2608 432 2643 495 7

346 598 418 661 111
471 596 573 660 his
629 595 934 661 Cicerone
991 596 1273 659 consulis
1329 597 1555 681 fratre,
1613 596 1739 659 nisi
1794 595 2116 660 labantem
2165 596 2452 659 ordinem
2502 616 2649 660 con-

347 704 670 767 firmasset
715 701 800 767 M.
842 700 1104 766 Catonis
1153 704 1378 767 oratio.
1471 724 1544 767 ac
1589 724 1671 765 ne
1720 704 1811 766 sic
1850 702 2108 785 quidem
2158 702 2467 787 impedire
2512 723 2645 765 rem

349 808 618 892 destitit,
653 809 862 893 quoad
903 830 1129 873 manus
1166 810 1451 891 equitum
1493 810 1952 893 Romanorum,
1990 830 2153 892 quae
2191 811 2437 871 armata
2472 829 2647 891 prae-

349 916 498 981 sidii
528 937 717 979 causa
744 916 1218 999 circumstabat,
1257 916 1719 980 inmoderatius
1756 914 2195 998 perseueranti
2232 936 2453 980 necem
2484 936 2647 979 com-

295 1046 321 1086 5
351 1024 596 1086 minata
640 1025 764 1107 est,
819 1023 1014 1087 etiam
1063 1024 1322 1087 strictos
1369 1022 1618 1107 gladios
1666 1043 1869 1105 usque
1916 1043 1991 1086 eo
2040 1022 2391 1105 intentam,
2437 1025 2511 1086 ut
2556 1044 2649 1086 se-

347 1129 603 1193 dentem
649 1151 778 1193 una
823 1129 1103 1213 proximi
1152 1129 1564 1211 deseruerint,
1609 1129 1722 1193 uix
1758 1128 1947 1211 pauci
1992 1127 2331 1211 complexu
2367 1132 2647 1213 togaque

349 1236 601 1301 obiecta
653 1236 1069 1319 protexerint.
1154 1240 1308 1301 tunc
1362 1237 1552 1321 plane
1609 1235 1953 1299 deterritus
2006 1257 2139 1299 non
2192 1234 2387 1298 modo
2442 1236 2648 1317 cessit,

347 1343 456 1407 sed
503 1347 570 1406 et
615 1344 683 1407 in
727 1341 1046 1425 reliquum
1094 1344 1244 1406 anni
1289 1346 1544 1425 tempus
1592 1343 1767 1405 curia
1814 1341 2141 1405 abstinuit.

524 1448 746 1513 Primo
794 1453 1128 1532 praeturae
1177 1450 1278 1513 die
1316 1448 1626 1525 Quintum
1668 1446 1968 1512 Catulum
2015 1446 2091 1511 de
2137 1448 2483 1511 refectione
2532 1445 2644 1510 Ca·
2665 1446 2751 1513 15

263 1580 322 1618 10
349 1556 538 1639 pitoli
585 1555 667 1619 ad
713 1554 1225 1638 disquisitionem
1271 1555 1496 1639 populi
1545 1555 1807 1619 uocauit
1844 1555 2180 1640 rogatione
2216 1554 2648 1638 promulgata,

349 1686 477 1747 qua
521 1664 919 1727 curationem
957 1683 1097 1725 eam
1136 1664 1202 1726 in
1241 1662 1440 1726 alium
1479 1661 1929 1745 transferebat3
1976 1682 2201 1725 uerum
2238 1661 2448 1745 impar
2485 1661 2647 1743 opti-

348 1769 621 1834 matium
667 1768 1147 1852 conspirationi,
1196 1790 1358 1852 quos
1405 1768 1632 1833 relicto
1681 1768 1901 1832 statim
1947 1788 2265 1831 nouorum
2316 1766 2649 1832 consulum

351 1876 570 1942 officio
615 1875 986 1959 frequentes
1034 1874 1523 1957 obstinatosque
1569 1874 1649 1937 ad
1696 1873 2121 1938 resistendum
2170 1876 2649 1938 concucurrisse

351 1982 676 2065 cernebat,
748 1982 916 2046 hanc
990 1982 1248 2065 quidem
1323 1969 1641 2047 actionem
1719 1981 2032 2064 deposuit.
2143 1986 2425 2044 ceterum
2494 1978 2642 2044 Cae·
2665 1979 2752 2045 16

267 2110 320 2150 15
351 2089 502 2154 cilio
558 2088 818 2153 Metello
877 2087 1140 2152 tribuno
1205 2088 1412 2172 plebis
1467 2088 2057 2152 turbulentissimas
2111 2087 2288 2173 leges
2343 2087 2647 2151 aduersus

350 2195 742 2281 collegarum
806 2195 1324 2260 intercessionem
1391 2195 1620 2258 ferenti
1686 2198 2013 2258 auctorem
2078 2198 2647 2278 propugnatorem·

350 2324 474 2385 que
529 2324 596 2365 se
650 2302 1159 2384 pertinacissime
1206 2302 1555 2386 praestitit,
1611 2301 1813 2367 donec
1857 2301 2048 2365 ambo
2095 2300 2647 2365 administratione

347 2408 440 2471 rei
488 2406 783 2492 publicae
830 2408 1084 2474 decreto
1130 2413 1388 2493 patrum
1428 2408 1979 2471 submonerentur.
2062 2428 2138 2471 ac
2182 2406 2389 2471 nihilo
2436 2408 2648 2471 minus

347 2536 722 2599 permanere
769 2516 838 2579 in
884 2515 1267 2600 magistratu
1314 2518 1379 2578 et
1424 2514 1525 2579 ius
1571 2514 1780 2578 dicere
1828 2536 2035 2597 ausus,
2082 2518 2156 2577 ut
2194 2515 2507 2597 comperit
2541 2536 2649 2597 pa-

269 2644 324 2684 20
351 2626 554 2705 ratos,
616 2622 726 2704 qui
788 2623 856 2685 ui
915 2644 990 2686 ac
1049 2644 1164 2705 per
1225 2644 1400 2685 arma
1459 2620 1903 2705 prohiberent,
1967 2620 2248 2684 dimissis
2312 2620 2647 2684 lictoribus

351 2729 724 2810 abiectaque
793 2732 1125 2812 praetexta
1198 2728 1459 2791 domum
1536 2726 1697 2790 clam
1776 2726 2019 2810 refugit
2082 2747 2199 2809 pro
2275 2726 2648 2791 condicione

351 2840 716 2918 temporum
759 2834 1110 2917 quieturus.
1184 2834 1665 2897 multitudinem
1707 2854 1962 2917 quoque
1999 2833 2196 2897 biduo
2233 2837 2383 2916 post
2420 2837 2647 2917 sponte
2687 2850 2717 2897 2

351 2944 416 3005 et
471 2940 642 3005 ultro
699 2942 1127 3005 confluentem
1185 2962 1573 3024 operamque
1636 2940 1758 3004 sibi
1817 2940 1882 3003 in
1942 2938 2290 3003 adserenda
2335 2939 2647 3025 dignitate

350 3046 813 3112 tumultuosius
860 3048 1272 3129 pollicentem
1320 3047 1707 3129 conpescuit.
1801 3047 1970 3130 quod
2021 3066 2166 3110 cum
2213 3050 2467 3129 praeter
2513 3046 2646 3129 opi-

269 3174 321 3215 15
349 3154 608 3217 nionem
647 3154 984 3237 euenisset,
1031 3158 1288 3218 senatus
1327 3153 1407 3217 ob
1447 3154 1715 3217 eundem
1754 3156 2007 3217 coetum
2043 3152 2349 3217 festinato
2388 3156 2648 3217 coactus

351 3258 590 3345 gratias
645 3261 704 3323 ei
764 3283 880 3343 per
932 3262 1244 3344 primores
1290 3261 1465 3324 uiros
1522 3260 1657 3345 egit
1714 3261 2114 3342 accitumque
2170 3260 2239 3323 in
2294 3260 2539 3324 curiam
2586 3264 2649 3323 et

349 3366 764 3448 amplissimis
809 3368 1024 3432 uerbis
1073 3366 1522 3430 conlaudatum
1573 3366 1643 3430 in
1689 3368 2010 3450 integrum
2058 3366 2341 3430 restituit
2388 3366 2647 3431 inducto

351 3473 564 3557 priore
611 3471 882 3537 decreto.

527 3578 784 3643 Recidit
836 3601 1057 3644 rursus
1115 3581 1183 3643 in
1237 3580 1578 3644 discrimen
1633 3580 1809 3643 aliud
1864 3580 2031 3643 inter
2077 3581 2283 3643 socios
2332 3578 2643 3642 Catilinae
2666 3576 2750 3642 17

272 3706 324 3745 ³0
351 3686 718 3750 nominatus
766 3690 830 3749 et
877 3686 1048 3771 apud
1082 3684 1370 3750 Nouium
1407 3683 1686 3771 Nigrum
1736 3690 2135 3768 quaestorem
2186 3709 2223 3749 a
2259 3685 2459 3749 Lucio
2497 3684 2648 3748 Vet-

349 3792 443 3857 tio
491 3791 702 3857 indice
749 3796 812 3855 et
861 3793 926 3856 in
966 3797 1192 3857 senatu
1229 3816 1268 3855 a
1304 3792 1546 3869 Quinto
1587 3791 1800 3875 Curio,
1848 3792 1969 3875 cui,
2009 3792 2179 3876 quod
2218 3792 2464 3876 primus
2504 3813 2648 3855 con-

495 4002 522 4047 1
573 3992 844 4047 ciceronis
891 3996 1015 4046 XII
1023 3992 1103 4059 R,
1143 3992 1291 4065 (Q.)
1331 3992 1596 4047 Cicerone
1642 3994 1997 4048 Halbertsma
2168 4000 2199 4045 2
2247 3994 2341 4063 ne]
2388 4010 2491 4046 nec
2538 3993 2651 4062 XQ

352 4080 383 4126 3
422 4073 787 4143 quoadusque
827 4077 884 4126 X
1063 4080 1124 4128 13
1165 4073 1615 4127 communisse*
1658 4076 1754 4139 M,
1818 4074 2234 4127 concucurrisse
2276 4075 2400 4127 GH
2434 4082 2551 4140 (cur
2588 4076 2649 4127 in
2732 4109 2743 4127 .

351 4170 520 4223 marg).
569 4154 699 4207 add.
745 4170 815 4206 m.
857 4159 886 4206 1
931 4152 1028 4221 G),
1097 4152 1440 4206 concurrisse
1485 4155 1579 4207 rel.
1804 4159 1866 4207 17
1907 4154 2396 4207 administratione
2436 4170 2493 4219 ς,
2551 4152 2649 4206 ab·

349 4232 766 4287 ministratione
806 4233 879 4285 M
889 4233 1114 4288 VLPS
1126 4234 1268 4287 0¹11
1277 4234 1330 4287 R
1369 4236 1478 4302 (Ω),
1529 4232 1600 4286 ab
1640 4232 2129 4287 administratione
2172 4234 2438 4298 G0²Tp‚
2485 4233 2649 4285 mini-

351 4314 623 4367 stratione
666 4314 752 4383 Qs
897 4318 964 4365 25
1005 4312 1360 4367 conuenisset
1400 4311 1543 4366 M²3
1688 4318 1752 4365 27
1803 4314 1861 4365 in
1900 4330 1999 4366 om.
2044 4315 2115 4366 M
2121 4313 2225 4383 ¹0¹
2370 4317 2437 4365 29
2475 4312 2648 4366 Rece-

351 4394 438 4447 dit
475 4394 542 4447 Μ
555 4392 702 4447 ¹GV
841 4398 910 4446 30
954 4393 1137 4446 1101110
1183 4395 1331 4447 solus
1370 4394 1431 4458 V,
1488 4392 1644 4445 ustio
1682 4394 1757 4445 M
1768 4394 1817 4447 G
1834 4394 1904 4463 Q,
1961 4393 2145 4445 uectio
2192 4394 2282 4447 uel
2326 4392 2517 4446 ueccio
2555 4395 2647 4447 rel.

349 4476 496 4542 (item
522 4491 584 4543 p.
607 4477 644 4527 8
675 4473 708 4526 Ζ.
735 4478 787 4537 6,
815 4480 874 4527 at
895 4492 952 4541 p.
975 4478 1013 4527 8
1043 4474 1076 4526 1.
1097 4477 1135 4526 2
1161 4481 1298 4527 recte
1327 4475 1488 4527 etiam
1511 4474 1582 4525 M
1591 4474 1645 4527 L
1660 4473 1723 4542 Q>
1870 4479 1934 4526 31
1965 4473 2154 4526 Iudice
2176 4474 2486 4527 Lambinus
2505 4473 2647 4541 (iud-

351 4556 412 4609 in
446 4572 548 4609 rec.
588 4554 766 4623 codd.)
909 4553 1229 4607 nominatus
1268 4553 1416 4607 inter
1452 4552 1631 4606 socios
1664 4560 1789 4621 post
1826 4551 1990 4607 Curio
2028 4554 2156 4607 adel.
2196 4553 2342 4607 11122
2359 4554 2548 4607 0²81*
