3259 5209
1253 410 1663 465 PRAEFATIO
2504 405 2607 461 XV

312 580 584 639 indoctus
649 582 744 639 uir
807 580 1045 639 deleuit.
1137 580 1372 655 reliqua
1435 599 1586 657 quae
1641 580 1797 638 bona
1855 578 1918 637 in
1976 598 2045 638 eo
2099 577 2523 655 praedicantur
2537 570 2605 657 ¹),

301 668 586 746 equidem
631 668 876 729 minoris
930 669 1208 746 ponderis
1263 687 1388 729 esse
1445 667 1937 741 existimauerim,
1983 668 2267 743 quoniam
2314 670 2420 727 aut
2466 686 2607 726 casu

310 762 421 818 aut
465 758 812 818 emendandi
861 759 1059 819 studio
1107 763 1249 817 nata
1263 750 1312 838 ²)
1360 760 1566 834 putari
1611 761 1873 833 possunt.

489 848 580 905 Ex
627 848 832 907 eodem
880 866 997 923 quo
1035 849 1088 906 V
1119 848 1282 906 fonte
1330 846 1636 905 emanauit
1672 846 1929 905 alterum
1966 846 2297 921 exemplum
2338 846 2402 903 in
2438 846 2605 921 peius

316 939 609 995 mutatum
624 928 677 1017 ⁸)
709 928 848 1017 (X),
887 936 1046 1012 quod
1074 938 1188 996 etsi
1214 936 1414 1013 periit,
1449 936 1846 1013 redintegrari
1881 938 2080 1011 potest
2109 953 2217 1010 per
2245 934 2607 1011 apographa,
2638 934 2702 993 X

310 1045 346 1084 »e
403 1025 614 1101 quibus
671 1026 824 1103 elegi
879 1028 1210 1084 uetustiora
1265 1028 1552 1100 quattuor
1606 1028 1666 1084 et
1712 1024 1991 1099 quintum
2035 1025 2362 1083 recentiore
2410 1027 2607 1083 aetate

311 1116 554 1173 factum.
653 1114 811 1173 inter
873 1114 980 1172 illa
1045 1114 1264 1174 eminet
1328 1133 1396 1173 ac
1461 1118 1770 1190 tamquam
1833 1114 2019 1172 frater
2081 1114 2276 1171 minor
2329 1112 2608 1171 Vaticani

305 1201 776 1262 considerandus
832 1205 923 1262 est
982 1202 1133 1261 liber
1179 1204 1556 1263 Florentinus
1603 1202 2043 1261 Laurentianus
2089 1201 2238 1278 plut.
2281 1203 2424 1275 68,7
2476 1193 2609 1281 (L),
2641 1196 2698 1260 L

316 1291 614 1351 Mediceus
659 1293 892 1367 tertius,
939 1310 1114 1369 quem
1152 1293 1343 1351 dicere
1389 1291 1584 1351 solent
1627 1290 1747 1350 Iac.
1788 1288 2123 1350 Gronouius
2168 1293 2229 1349 et
2266 1287 2607 1350 Oudendor-

315 1382 496 1457 pius.-
574 1380 732 1440 binis
797 1381 1084 1441 columnis
1148 1383 1212 1439 in
1277 1381 1633 1440 membranis
1699 1380 1924 1440 formae
1987 1380 2280 1439 maximae
2352 1381 2609 1455 scriptus

311 1469 416 1529 fol.
449 1472 749 1529 73——157
803 1472 1067 1529 continet
1113 1468 1419 1544 CaesareS,
1483 1470 1588 1546 qui
1644 1470 1945 1547 excipiunt
1990 1468 2107 1526 Iuli
2157 1471 2609 1528 commentarios

315 1558 387 1617 de
433 1558 590 1619 bello
628 1558 876 1619 Gallico,
950 1560 1178 1635 primus
1226 1558 1501 1618 adhibuit
1541 1558 1894 1633 Politianus,
1943 1559 2277 1617 accuratius
2325 1557 2607 1616 collatum

315 1647 525 1707 habuit
581 1646 944 1721 Gronouiu8‚
1008 1650 1136 1724 ipse
1196 1647 1420 1707 contuli
1478 1667 1528 1706 a.
1568 1650 1735 1707 1894
1792 1646 2339 1724 adsignandumque
2394 1648 2611 1722 putaui

305 1737 551 1795 saeculo
600 1736 716 1795 XII
777 1738 1009 1795 ineunti
1071 1740 1273 1814 potius
1328 1756 1510 1813 quam
1575 1738 1815 1795 exeunti
1860 1736 1961 1793 XI.
2053 1754 2089 1794 a
2152 1735 2423 1811 pluribus
2486 1754 2611 1795 cor-

309 1828 510 1885 rectus
565 1830 680 1899 est,
743 1826 939 1885 rarius
999 1846 1180 1886 manu
1245 1825 1580 1902 antiquiore
1636 1818 1807 1907 (L2),
1872 1825 2107 1901 saepius
2169 1828 2393 1884 recenti
2449 1816 2826 1905 (L³),L²,L³

319 1932 468 1989 quae
515 1914 794 1973 Ber-oaldi
852 1914 947 1973 uel
995 1915 1272 1974 Sabellici
1331 1915 1619 1974 editiones
1678 1914 1815 1975 olet.
1908 1932 2097 1989 neque
2152 1932 2293 1972 uero
2350 1914 2610 1990 spondeo

309 2021 408 2061 me
473 2008 631 2062 recte
695 2002 916 2079 ubique
980 2004 1246 2064 diuersas
1309 2022 1522 2063 manus
1587 2003 1943 2064 distinxisse.
2018 2005 2079 2061 in
2136 2003 2611 2079 orthographicis

307 2092 578 2151 crebrius
625 2112 804 2168 quam
851 2092 961 2151 alii
1006 2094 1266 2152 eiusdem
1315 2094 1518 2152 classis
1564 2092 1722 2151 bona
1767 2092 2058 2166 seruauit3
2106 2110 2261 2167 quae
2306 2095 2611 2168 praeterea

317 2180 382 2240 in
428 2200 498 2240 eo
544 2181 670 2240 solo
715 2181 1024 2257 probanda
1070 2183 1367 2260 leg-untur,
1415 2200 1531 2240 non
1581 2183 1903 2258 archetypo
1942 2180 2245 2254 debentur,
2291 2180 2394 2241 sed
2432 2182 2612 2240 iudici

309 2269 498 2328 alicui
537 2269 804 2329 doctiori.
816 2262 872 2352 ⁴)
946 2290 1015 2329 ex
1052 2270 1388 2331 recentibus
1436 2270 1604 2330 libris
1642 2271 1840 2347 plures
1888 2272 2081 2329 artam
2123 2288 2257 2329 cum
2296 2270 2351 2327 L
2398 2289 2611 2348 cogna-

315 2360 540 2417 tionem
597 2358 842 2433 habent,
899 2360 1152 2435 indeque
1207 2361 1632 2434 transscriptus
1690 2362 1779 2417 est
1832 2358 2270 2419 Laurentianus
2317 2378 2360 2417 S.
2410 2358 2613 2418 Crucis

313 2448 398 2524 pl.
433 2450 516 2507 20
553 2448 661 2507 sin.
693 2447 816 2507 cod.
849 2450 907 2506 4.
1045 2449 1119 2507 ad
1157 2450 1213 2507 L
1251 2451 1517 2526 proxime
1548 2440 1861 2527 accedit⁵)‚
1900 2448 2000 2507 sed
2040 2449 2219 2525 paulo
2248 2448 2495 2507 inferior
2522 2452 2615 2507 est

311 2535 444 2596 cod.
476 2535 785 2596 Parisinus
833 2538 1032 2613 5801,
1087 2537 1281 2597 medio
1327 2538 1449 2613 fere
1494 2538 1730 2597 saeculo
1778 2537 1894 2595 XII
1939 2530 2047 2617 (an
2094 2538 2336 2596 ineunte
2348 2533 2407 2617 Ρ)
2467 2539 2613 2597 satis

498 2710 548 2773 1)
587 2705 728 2759 Sunt
747 2709 936 2759 autem
955 2706 1112 2771 haec,
1137 2708 1205 2760 de
1227 2706 1432 2775 quibus
1454 2706 1776 2761 conferatur
1801 2707 2093 2760 adnotatio
2120 2706 2339 2761 critica:
2370 2726 2425 2775 p.
2459 2712 2613 2774 19,20

306 2780 644 2861 quinquiens
681 2780 986 2847 (quinquies
1023 2780 1362 2847 quinquen-ni
1393 2781 1504 2846 M),
1543 2783 1609 2831 28
1615 2784 1664 2843 ,8
1694 2782 2019 2847 proconsule
2057 2778 2333 2846 (sequitur
2368 2782 2453 2845 et),
2492 2784 2612 2842 66,2

315 2851 425 2903 init
460 2852 580 2917 (mit
611 2851 723 2917 Μ)
764 2854 846 2915 70,
851 2855 917 2902 25
955 2857 1307 2920 yrassaturas
1345 2850 1448 2915 lita
1485 2852 1632 2902 recte
1672 2852 1737 2902 ut
1779 2853 1935 2918 puto,
1973 2852 2033 2903 at
2069 2849 2166 2902 uix
2204 2868 2270 2902 ex
2308 2850 2612 2919 archetypo

309 2923 643 2989 sumptum),
683 2926 784 2974 113
790 2926 872 2987 ,22
903 2922 1112 2991 τυμβον
1151 2923 1231 2989 gat
1268 2921 1412 2974 male
1443 2921 1653 2974 ibidem
1684 2929 1945 2987 εισορως).
2012 2921 2156 2974 adde
2195 2924 2443 2974 correcta
2472 2922 2611 2974 bene

317 2992 378 3043 in
415 2990 692 3061 margine:
732 3010 786 3060 p.
817 2997 884 3044 25
889 2997 938 3057 ,2
978 2995 1034 3045 et
1072 2997 1138 3045 88
1145 2998 1218 3059 ,;7
1259 2996 1549 3060 praeterea
1585 2992 2023 3061 orthographica
2060 2992 2338 3060 quaedam
2375 2992 2611 3046 leuiora:

321 3081 376 3132 p.
410 3067 528 3129 7,30
579 3065 746 3117 uettio
799 3063 954 3130 (item
1006 3081 1060 3131 p.
1099 3070 1185 3130 8,6
1223 3066 1476 3128 uestium,
1529 3066 1589 3115 at
1637 3069 1720 3129 8,2
1760 3063 1903 3117 bene
1940 3063 2112 3116 etiam
2156 3066 2227 3117 M
2268 3080 2394 3116 cum
2448 3063 2612 3130 aliis),

317 3138 441 3201 52,9
478 3136 707 3201 incluta,
748 3139 866 3200 70,8
898 3152 934 3186 a
961 3135 1064 3200 des,
1105 3140 1258 3201 71,26
1289 3137 1360 3189 iis
1389 3149 1474 3203 (us
1507 3137 1580 3189 M
1585 3135 1617 3199 ¹,
1655 3106 1763 3188 fiiis
1797 3134 1907 3201 Μ’,
1943 3136 2028 3188 his
2055 3134 2192 3201 roh),
2233 3139 2423 3202 104‚15
2460 3154 2613 3205 qene-

309 3208 436 3259 .tiuo
473 3208 640 3275 (yeni-
676 3205 814 3275 τρὶ),
855 3211 1044 3271 159,20
1084 3207 1354 3260 chariclea
1393 3207 1482 3273 ‹ch.
1521 3223 1576 3274 p.
1606 3205 1867 3273 XLVIII).

429 3307 434 3317 ·
499 3279 551 3344 2)
589 3276 712 3329 Huc
749 3294 860 3329 non
891 3277 1202 3330 rettulerim
1241 3294 1383 3345 quae
1414 3276 1837 3330 Preud'homme
1872 3275 2197 3345 (Troisieme
2236 3277 2402 3330 etude
2442 3296 2495 3345 p.
2528 3282 2614 3335 23)

320 3349 510 3416 putat:
550 3366 604 3416 p.
637 3352 721 3415 50,
728 3353 759 3400 8
797 3350 940 3402 hanc
977 3350 1194 3414 charia,
1239 3354 1358 3415 50‚9
1399 3351 1518 3402 atia
1556 3350 1687 3413 atie,
1727 3354 1883 3416 60,13
1923 3350 2131 3413 adorti,
2179 3354 2283 3415 86,
2273 3355 2331 3401 „²1
2376 3357 2475 3403 aut
2508 3350 2615 3414 fre·

308 3425 538 3501 querite,
588 3424 707 3485 109,
713 3425 742 3471 9
782 3421 1148 3489 excubiisque,
1199 3420 1296 3472 sed
1339 3420 1490 3487 quod
1539 3419 1636 3472 ille
1690 3420 1869 3473 tacuit
1906 3420 2165 3487 quodque
2205 3419 2453 3473 omnium
2491 3438 2617 3489 gra-

321 3488 620 3543 uissimum
658 3493 760 3557 est,
799 3490 998 3543 1u1.24
1037 3509 1092 3558 p.
1126 3498 1208 3554 12,
1215 3496 1242 3544 7
1282 3490 1455 3543 uerba
1483 3491 1816 3559 perfecitque
1843 3499 2129 3560 utrumque
2166 3508 2266 3544 suo
2304 3486 2424 3545 loco
2463 3495 2618 3545 mota

313 3578 390 3615 ac
427 3564 558 3629 post
585 3569 978 3631 proroyaretur
1015 3562 1304 3627 collocata,
1343 3566 1406 3614 ut
1445 3562 1683 3615 correxit
1720 3562 1891 3614 etiam
1926 3562 2003 3617 θ’
2039 3566 2213 3630 utque
2261 3580 2327 3615 ex
2366 3563 2617 3616 admoni-

322 3632 475 3685 tione
503 3632 681 3700 Lipsii
711 3632 1035 3685 Torrentius
1066 3633 1262 3701 edidit,
1301 3651 1466 3701 quem
1496 3633 1675 3686 secuti
1705 3636 1835 3685 sunt
1864 3633 2067 3701 plures
2134 3634 2215 3685 ita
2246 3634 2393 3687 enim
2424 3652 2617 3687 sensus

325 3702 570 3757 efficitur
605 3703 933 3771 tolerabilis,
973 3707 1032 3757 at
1069 3705 1297 3757 minime
1338 3705 1416 3757 sic
1457 3704 1513 3756 in
1553 3706 1857 3773 archetypo
1898 3704 2167 3772 scriptum
2206 3704 2331 3757 fuit.

504 3780 556 3840 3)
613 3774 756 3829 Vide
814 3794 955 3843 quae
1021 3776 1171 3829 mala
1226 3778 1516 3829 enumerat
1571 3775 2023 3843 Preud’homme‚
2089 3776 2393 3829 Troisieme
2450 3777 2616 3829 etude

320 3864 376 3915 p.
407 3850 476 3899 24
497 3862 618 3913 sqq.
670 3863 860 3899 eorum
912 3850 1101 3899 autem
1157 3862 1300 3915 quae
1351 3851 1641 3915 tamquam
1692 3846 1869 3915 proba
1919 3846 2143 3913 laudat,
2204 3864 2305 3917 ego
2359 3852 2617 3915 quartam

319 3920 542 3986 partem
586 3933 698 3969 non
750 3918 1158 3971 admittendam
1211 3918 1402 3973 censui
1455 3918 1766 3986 dubitoque
1817 3918 1884 3970 de
1938 3918 2064 3970 aliis
2113 3918 2291 3985 (uelut
2336 3938 2388 3987 p.
2421 3924 2615 3985 266,ss

320 3988 542 4056 reliqua
569 3988 871 4042 maximam
900 3992 1118 4057 partem
1146 3989 1419 4042 facillima
1455 3989 1692 4044 inuentu
1728 3992 1785 4043 et
1813 3989 2021 4057 partim
2050 3990 2161 4042 iam
2192 3990 2250 4042 in
2285 3992 2359 4045 M
2380 3991 2617 4045 latentia-

321 4059 413 4113 uel
452 4059 626 4112 etiam
661 4060 720 4111 in
761 4060 887 4113 aliis
926 4061 1298 4113 uetustiorum
1345 4061 1599 4114 extantia
1638 4080 1671 4114 a
1710 4078 1935 4116 censore
1980 4061 2154 4114 medii
2201 4062 2327 4115 aeui
2365 4063 2619 4130 profecta

321 4146 440 4185 esse
480 4146 580 4199 pro
621 4134 770 4184 certo
809 4131 1005 4185 habe0.

501 4206 556 4263 4)
598 4208 661 4254 18
668 4208 715 4266 ,2
755 4204 1148 4273 quadrz'nqem's
1187 4220 1306 4271 (pro
1345 4205 1603 4273 quadris
1607 4207 1653 4269 “),
1700 4209 1763 4255 67
1773 4210 1856 4269 ,14
1897 4204 2006 4264 {hic
2048 4204 2265 4256 accedit
2304 4204 2418 4289 Pl),
2461 4210 2615 4271 80,17

320 4274 494 4342 hylan
523 4275 626 4341 nyl-
644 4274 761 4327 fere
790 4274 926 4341 rel.‚)
959 4280 1060 4327 340
1067 4282 1146 4340 ,21
1180 4278 1538 4329 correctione·
1533 4292 1652 4343 ipro
1675 4277 2041 4343 corrept-ioum.
2092 4276 2241 4342 quod
2271 4279 2399 4329 ueni
2427 4282 2527 4328 297
2536 4283 2618 4341 ‚15

323 4346 470 4397 recte
510 4344 570 4396 in
609 4360 672 4397 eo
712 4344 937 4415 legitur,
974 4346 1078 4399 hoc
1116 4347 1278 4414 parui
1309 4346 1720 4399 aestimandum
1759 4347 2037 4413 fidemque
2078 4346 2460 4416 abrogandam
2500 4364 2617 4400 esse

321 4416 591 4485 uulgatae
641 4415 869 4469 lectioni
918 4416 1158 4470 faciliori
1207 4420 1362 4471 Ioues
1413 4424 1567 4481 1562
1615 4417 1838 4471 litterae
1886 4436 1924 4469 π
1964 4422 2019 4470 et
2058 4437 2093 4471 u
2142 4420 2352 4486 passim
2399 4435 2619 4487 permu-

317 4489 480 4541 tatae
520 4486 658 4539 satis
699 4487 987 4541 declarant
1025 4488 1229 4542 (Herm.
1263 4494 1328 4541 3ss
1369 4508 1421 4557 p.
1454 4495 1612 4545 289.).

503 4560 558 4626 5)
597 4556 678 4611 cf.
719 4576 800 4612 ex.
832 4577 912 4629 gr.
944 4579 995 4628 p.
1028 4547 1200 4627 67,.14
