3259 5209
981 484 1200 540 mvvs
1239 485 1595 540 cmvmvs
1636 497 1767 546 [cn.
1798 499 1973 548 27——291
2459 489 2583 552 221

284 651 557 734 ciaeque
619 647 890 713 Iudaeae
954 650 1356 734 praeposuit,
1431 650 1628 713 trium
1694 651 2063 734 reginarum
2130 651 2460 733 maritu1n3
2528 656 2591 715 et

285 757 702 840 Harpocran,
757 757 860 820 cui
905 755 1132 820 lectica
1186 777 1302 839 per
1346 755 1566 819 urbem
1616 757 1896 820 uehendi
1942 757 2433 842 spectaculaque
2476 780 2591 842 pu-

285 863 462 928 blice
515 863 742 927 edendi
797 863 898 927 ius
951 862 1210 944 tribuit3
1267 883 1340 925 ac
1396 884 1587 946 super
1643 862 1763 927 hos
1820 863 2161 946 Polybium
2212 864 2292 927 ab
2342 865 2593 948 studiis,

287 971 410 1053 qui
473 991 662 1054 saepe
723 969 892 1033 inter
951 969 1116 1034 duos
1176 968 1472 1034 consules
1533 969 1931 1050 ambulabat3
2003 971 2114 1034 sed
2174 974 2323 1034 ante
2384 971 2594 1036 omnis

231 1101 256 1140 5
293 1075 678 1140 Narcissum
735 1075 818 1138 ab
874 1075 1170 1160 epistulis
1218 1081 1282 1140 et
1337 1075 1697 1140 Pallantem
1746 1099 1783 1140 a
1828 1076 2187 1140 rationibus
2198 1127 2215 1159 ,
2272 1099 2435 1162 quos
2493 1078 2593 1141 de-

293 1190 476 1246 creto
523 1203 782 1266 quoque
827 1186 1090 1246 senatus
1135 1205 1268 1247 non
1314 1183 1616 1267 praemiis
1674 1183 1866 1248 modo
1916 1183 2315 1270 ingentibuS,
2372 1185 2483 1248 sed
2532 1190 2595 1249 et

294 1288 688 1372 quaestoriis
743 1289 1216 1372 praetoriisque
1275 1289 1671 1353 ornamentis
1731 1289 2037 1354 honorari
2098 1290 2307 1354 libens
2366 1313 2595 1374 passus

295 1401 426 1478 est3
487 1399 742 1459 tantum
800 1399 1130 1479 praeterea
1192 1395 1528 1480 adquirere
1588 1400 1654 1458 et
1714 1417 1969 1479 rapere,
2029 1401 2103 1460 ut
2158 1401 2464 1480 querente
2520 1417 2595 1460 eo

297 1501 626 1586 quondam
675 1503 750 1565 de
787 1501 926 1565 fisci
966 1501 1318 1586 exiguitate
1355 1523 1486 1566 non
1524 1501 1801 1566 absurde
1840 1503 2083 1566 dictum
2121 1503 2225 1586 sit,
2262 1502 2595 1570 abunda-

210 1635 266 1672 ιο
297 1615 584 1691 turum,
623 1608 686 1672 si
724 1631 761 1671 a
790 1608 1086 1673 duobus
1124 1607 1439 1672 libertis
1479 1609 1554 1672 in
1584 1609 2059 1674 consortium
2100 1610 2596 1693 reciperetur.

295 1715 422 1797 his,
441 1719 514 1778 ut
537 1714 666 1778 dixi
689 1715 776 1796 (c.
797 1717 942 1798 25),
961 1715 1398 1798 uxoribusque
1429 1714 1740 1797 addictus,
1768 1738 1899 1779 non
1928 1716 2287 1800 principem
2308 1716 2454 1801 [se],
2486 1716 2597 1780 sed
2615 1717 2704 1782 29

297 1821 674 1885 ministrum
720 1821 874 1908 egit,
919 1821 1301 1905 compendio
1350 1821 1661 1906 cuiusque
1707 1821 1939 1886 horum
1986 1822 2092 1887 uel
2140 1823 2333 1886 etiam
2383 1823 2597 1886 studio

299 1933 414 1992 aut
457 1927 730 1992 libidine
784 1927 1062 1993 honores
1111 1929 1428 1992 exercitus
1483 1927 1905 2012 impunitates
1961 1928 2279 2013 supplicia
2324 1927 2599 2014 largitus

302 2039 422 2118 est,
469 2039 533 2098 et
581 2033 844 2118 quidem
895 2034 1172 2098 insciens
1229 2034 1606 2118 plerumque
1656 2040 1719 2098 et
1768 2035 2048 2120 ignarus,
2132 2057 2205 2098 ac
2250 2056 2331 2098 ne
2379 2034 2599 2120 singil-

217 2165 272 2206 1⁶
307 2141 492 2205 latim
539 2141 790 2204 minora
838 2163 1094 2224 quoque
1148 2162 1542 2222 enumerem,
1595 2146 1929 2205 reuocatas
1975 2141 2398 2205 liberalitates
2446 2142 2600 2223 eiuS,

307 2247 546 2311 iudicia
592 2247 880 2328 rescissa,
929 2247 1300 2332 suppositos
1349 2252 1460 2311 aut
1507 2248 1703 2311 etiam
1750 2248 1965 2332 palam
2006 2249 2381 2312 immutatos
2426 2247 2601 2312 dato-

306 2376 449 2418 rum
499 2353 862 2419 officiorum
901 2353 1260 2418 codicillos:
1308 2352 1596 2444 Appium
1627 2353 1919 2417 Silanum
1958 2375 2371 2418 consocerum
2414 2376 2601 2418 suum

307 2458 660 2544 Iuliasque,
722 2459 986 2524 alteram
1037 2459 1261 2541 Drusi,
1321 2460 1584 2524 alteram
1640 2459 1999 2524 Germanici
2056 2461 2285 2534 filiam.
2337 2461 2603 2525 crimine

311 2568 554 2630 incerto
599 2588 716 2630 nec
764 2565 1133 2630 defensione
1179 2566 1314 2630 ulla
1362 2567 1510 2630 data
1558 2566 1821 2650 occidit,
1868 2569 2022 2630 item
2072 2567 2182 2631 Cn.
2223 2567 2603 2652 Pompeium

221 2696 280 2736 so
313 2671 575 2736 maioris
621 2672 794 2736 filiae
839 2673 1050 2736 uirum
1091 2677 1155 2736 et
1193 2671 1263 2736 L.
1303 2670 1588 2736 Sila-num
1631 2674 1901 2737 minoris
1941 2695 2268 2757 sponsum.
2352 2696 2430 2737 ex
2468 2674 2604 2758 qui·
2643 2695 2673 2741 2

313 2779 432 2842 bus
477 2777 828 2862 Pompeius
865 2780 932 2843 in
971 2778 1314 2843 concubitu
1357 2779 1573 2842 dilecti
1611 2775 2075 2844 adulescentuli
2115 2781 2451 2844 confossus
2490 2786 2605 2862 est,

312 2884 568 2948 Silanus
607 2885 904 2950 abdicare
941 2907 1008 2950 se
1044 2890 1346 2969 praetura
1383 2890 1530 2949 ante
1569 2883 1715 2950 IIII.
1744 2885 1886 2950 Kal.
1918 2884 2048 2950 Ian.
2088 2887 2378 2970 morique
2417 2887 2605 2950 initio

311 2991 461 3054 anni
512 2995 772 3055 coactus
819 2991 920 3055 die
970 2992 1110 3076 ipso
1161 2991 1472 3076 Claudi[i]
1521 2996 1586 3055 et
1621 2990 2019 3076 Agrippinae
2068 2993 2456 3076 nuptiarum.
2540 2993 2607 3056 in

313 3099 598 3182 quinque
645 3102 710 3161 et
757 3099 1030 3182 triginta
1067 3103 1396 3163 senatores
1433 3102 1883 3183 trecentosque
1926 3099 2203 3182 amplius
2242 3100 2491 3182 equites
2528 3097 2605 3163 R.

457 3313 488 3360 3
529 3308 684 3376 Epic.
715 3312 824 3375 4,8
861 3307 1158 3376 Polybium
1205 3308 1353 3362 inter
1399 3309 1655 3363 consules
1700 3308 1949 3364 medium
1996 3309 2256 3363 incedere
2298 3309 2449 3362 fecit.
2506 3308 2607 3362 hos

313 3403 506 3441 omnes
555 3387 810 3442 anteibat
847 3387 1142 3442 Narcissus
1191 3389 1262 3442 ab
1301 3388 1586 3458 epistulis,
1638 3389 1927 3442 dominum
1963 3405 2022 3442 se
2060 3405 2257 3458 gerens
2296 3390 2473 3458 ipsius
2513 3390 2608 3442 do—

315 3468 472 3533 mini,
509 3465 810 3536 Pallasque
840 3467 1161 3537 (palamque
1193 3471 1528 3536 La-ndolsus)
1559 3469 1854 3537 praetoriis
1886 3469 2227 3522 ornamentis
2258 3469 2608 3523 sublimatus.

315 3549 384 3614 cf.
425 3548 598 3602 Schol.
630 3548 759 3602 qu.
793 3553 1018 3616 14‚329.
1061 3555 1239 3614 1‚109
1394 3555 1425 3602 8
1467 3549 1619 3617 Epit.
1652 3554 1760 3614 4,8
1799 3549 1939 3602 adeo
1980 3549 2201 3613 diuites,
2241 3552 2306 3602 ut
2343 3552 2609 3602 causante

317 3646 383 3683 eo
435 3627 688 3698 inopiam
739 3627 884 3692 fisci,
935 3627 1283 3697 lepidissime
1339 3627 1555 3682 famoso
1606 3628 1793 3698 elogio
1840 3628 2133 3694 uulgatum
2184 3630 2258 3682 sit
2296 3630 2519 3683 abunde
2557 3630 2610 3682 ei

317 3709 616 3777 pecuniam
655 3707 790 3772 fore,
828 3709 874 3761 si
906 3725 940 3762 a
969 3709 1188 3762 duobus
1216 3708 1436 3763 libertis
1464 3710 1524 3761 in
1551 3709 1879 3763 societatem
1910 3710 2265 3778 reciperetur.
2381 3716 2443 3762 11
2476 3711 2606 3764 ibid.

317 3793 424 3853 4‚3
461 3787 788 3841 libertorum
837 3791 895 3842 et
931 3789 1186 3858 coniugis
1225 3789 1474 3857 imperiis
1513 3789 1798 3843 subiectus
1838 3789 1961 3842 fuit.
2010 3789 2081 3855 cf.
2114 3791 2296 3844 Victor
2326 3791 2473 3845 Caes.
2505 3794 2556 3856 4,
2578 3795 2609 3841 5

319 3867 656 3922 Messalinae
707 3867 962 3936 coniugis
1014 3869 1292 3936 simulque
1343 3869 1669 3922 libertorum
1720 3868 2127 3929 delinimentiS,
2182 3869 2385 3938 quibus
2435 3873 2611 3923 semet

321 3947 630 4001 dediderat.
813 3953 880 4001 23
925 3949 1072 4002 Or08.
1117 3951 1234 4001 VII
1269 3957 1319 4015 6,
1353 3955 1422 4001 1⁸
1468 3965 1645 4017 paruo
1696 3952 1883 4001 autem
1932 3949 2311 4002 intercedente
2360 3955 2611 4018 tempore

319 4027 558 4096 triginta
595 4031 650 4080 et
691 4027 938 4096 quinque
977 4032 1260 4081 senatores
1299 4033 1352 4082 et
1395 4023 1673 4081 trecentos
1714 4028 1877 4080 simul
1926 4029 2143 4096 equites
2192 4029 2471 4082 Romanos
2510 4031 2610 4081 mi-

318 4106 486 4161 nimis
526 4107 712 4162 causis
747 4107 1047 4162 interfecit.

463 4293 496 4339 6
541 4284 928 4354 indigentibus
973 4287 1191 4340 MGRd
1389 4290 1416 4337 7
1465 4286 1652 4338 ornari
1698 4287 1799 4344 Νς
1851 4287 2042 4356 (uuly.)
2232 4286 2473 4338 libenter
2514 4285 2615 4354 HQ

326 4372 380 4418 11
429 4382 488 4419 se
523 4365 624 4418 del.
661 4365 932 4420 Graevius
1121 4371 1184 4418 13
1223 4365 1559 4433 impunitate
1593 4367 1689 4428 M,
1736 4369 1873 4417 -tem
1925 4367 2179 4435 Bentley,
2230 4365 2614 4418 immunitates

323 4446 553 4514 Lipsius
717 4451 782 4498 14
821 4447 907 4498 est
941 4447 1042 4499 del.
1076 4447 1306 4514 Bentley
1439 4451 1504 4497 15
1543 4461 1799 4512 quaeque
1839 4448 2051 4513 (queq-)
2088 4447 2270 4500 GXH
2384 4451 2445 4498 17
2487 4462 2615 4498 con-

325 4541 568 4590 nocerem
596 4528 654 4577 X
673 4527 804 4593 (non
837 4526 926 4593 T),
967 4527 1209 4578 debuisse
1247 4541 1498 4578 socerum
1536 4532 1709 4577 censet
1750 4527 2051 4579 Mommsen
2200 4531 2261 4578 19
2302 4525 2403 4578 ulli
2446 4527 2613 4580 Grae-

324 4609 447 4660 vius
590 4610 658 4657 24
698 4606 888 4674 CCque
925 4607 1054 4659 olim
1093 4607 1360 4658 Bae'icheler
1503 4607 1559 4657 et
1589 4611 1715 4673 post
1754 4608 2142 4673 trecentosque
2181 4607 2307 4659 add.
2346 4607 2395 4660 G
