3259 5209
608 495 736 559 318
1299 495 1355 550 C.
1396 496 1712 550 SVETONI
1747 496 2194 562 TRANQVILLI

603 659 865 742 toriam,
919 659 1181 742 insuper
1241 661 1566 724 consulem
1623 661 1862 744 fecerit,
1910 661 2229 743 spondens
2277 662 2661 746 quandoque
2707 661 2899 727 bene·

602 764 733 828 ficii
784 786 1132 831 memorem
1180 767 1488 830 futurum.
2915 769 2926 776 ⁷

495 869 585 937 15
787 869 937 937 Non
975 877 1215 938 temere
1254 873 1397 957 quis
1435 873 1701 957 punitus
1739 875 1958 938 insons
1996 875 2444 962 reperi[r]etur
2477 877 2601 940 nisi
2631 876 2898 941 absente

602 1001 676 1043 eo
724 982 789 1042 et
835 980 1062 1064 ignaro
1112 984 1223 1044 aut
1260 983 1429 1044 certe
1467 981 1676 1044 inuito
1715 985 1907 1065 atque
1944 979 2231 1066 decepto.
2313 981 2617 1047 Heluidio
2657 981 2897 1065 Prisco,

602 1082 715 1168 qui
764 1089 828 1148 et
872 1107 1203 1150 reuersum
1250 1109 1317 1150 se
1365 1109 1440 1150 ex
1493 1085 1680 1170 Syria
1726 1087 1902 1152 solus
1948 1089 2205 1172 priuato
2249 1089 2510 1153 nomine
2554 1088 2896 1173 Vespasia·
2961 1117 2990 1154 5

600 1213 756 1254 num
813 1192 1206 1257 salutauerat
1260 1198 1325 1257 et
1380 1193 1447 1256 in
1501 1198 1802 1278 praetura
1847 1195 2146 1258 omnibus
2193 1194 2420 1260 edictis
2466 1197 2604 1260 sine
2648 1196 2897 1261 honore

598 1319 671 1362 ae
718 1299 1045 1362 mentione
1093 1298 1225 1363 ulla
1270 1301 1730 1382 transmiserat,
1783 1322 1915 1365 non
1961 1305 2110 1364 ante
2155 1302 2520 1367 succensuit
2566 1325 2758 1386 quam
2808 1303 2894 1368 al-

599 1405 1062 1470 tercatiom'bus
1102 1406 1622 1471 insolentissimis
1661 1428 1862 1491 paene
1901 1407 1970 1471 in
2008 1407 2296 1473 ordinem
2333 1408 2646 1473 redactus.
2719 1409 2896 1475 hunc

597 1532 870 1595 quoque,
919 1513 1213 1596 quamuis
1260 1511 1615 1598 relegatum
1663 1513 1893 1597 primo,
1941 1513 2164 1579 deinde
2211 1519 2277 1580 et
2312 1515 2586 1581 interfici
2627 1517 2892 1594 iussum,

599 1619 816 1703 magni
863 1619 1230 1683 aestimauit
1277 1641 1530 1685 seruare
1578 1641 1839 1703 quoquo
1887 1620 2098 1704 mod0,
2145 1623 2357 1686 missis
2405 1623 2514 1705 qui
2562 1644 2894 1706 percusso·
2929 1649 2992 1686 ιο

593 1746 695 1788 res
733 1731 1136 1806 reuocarent3
1174 1730 1240 1790 et
1277 1730 1613 1809 seruasset,
1649 1728 1775 1791 nisi
1812 1729 1936 1791 iam
1979 1729 2220 1812 perisse
2257 1729 2422 1792 falso
2451 1729 2890 1794 renuntiatum

594 1835 777 1894 esset.
863 1835 1146 1897 ceterum
1202 1855 1409 1915 neque
1467 1835 1656 1898 caede
1719 1836 2096 1918 cuiusquam
2154 1857 2460 1919 umquam
2521 1838 2561 1916 <
2565 1888 2844 1900 ......
2851 1841 2892 1916 >

598 1937 787 2002 iustis
826 1939 1163 2023 suppliciis
1212 1939 1642 2004 inlacrimauit
1689 1942 1880 2005 etiam
1928 1947 1992 2005 et
2035 1942 2368 2026 ingemuit.

486 2042 574 2108 16
770 2044 919 2108 Sola
987 2050 1100 2128 est,
1165 2046 1232 2108 in
1299 2068 1426 2129 qua
1495 2049 1726 2112 merito
1793 2047 2114 2132 culpetur,
2177 2049 2483 2133 pecuniae
2547 2051 2886 2135 cupiditas

592 2171 726 2214 non
780 2151 948 2216 enim
1009 2155 1348 2217 contentus
1406 2154 1644 2218 omissa
1699 2154 1819 2217 sub
1879 2153 2082 2218 Galba
2137 2155 2480 2242 uectigalia
2535 2179 2888 2240 reuocasse,
2923 2181 2981 2220 15

587 2279 758 2321 noua
814 2263 878 2321 et
944 2259 1167 2342 grauia
1213 2259 1548 2342 addidisse,
1602 2261 1854 2325 auxisse
1901 2261 2145 2325 tributa
2191 2263 2561 2346 prouinciiS,
2616 2265 2888 2328 nonnul—

590 2363 671 2426 lis
730 2367 792 2427 et
850 2363 1228 2449 duplicasse,
1282 2367 1753 2452 negotiationes
1801 2389 2058 2451 quoque
2103 2368 2207 2432 uel
2253 2369 2509 2452 priuato
2557 2369 2884 2453 pudendas

592 2470 925 2553 propalam
975 2474 1275 2554 exercuit,
1326 2474 1670 2537 coemendo
1719 2475 2028 2556 quaedam
2070 2479 2321 2538 tantum
2359 2479 2432 2539 ut
2470 2474 2673 2559 pluris
2709 2483 2886 2561 post-

514 2592 547 2638 2
592 2599 666 2639 ea
730 2575 1125 2641 distraheret.
1257 2601 1337 2642 ne
1403 2579 1757 2645 candidatis
1823 2581 2079 2664 quidem
2139 2581 2415 2646 honores
2479 2585 2687 2646 reisue
2745 2587 2882 2648 tam

590 2685 871 2747 innoxiis
947 2706 1139 2767 quam
1207 2685 1588 2785 nocentibus
1661 2687 2092 2751 absolutiones
2156 2688 2486 2752 uenditare
2543 2695 2881 2756 cunctatus
2913 2713 2974 2752 so

594 2794 707 2854 est.
800 2791 1079 2855 creditur
1126 2793 1317 2856 etiam
1365 2798 1854 2877 procuratorum
1900 2797 2386 2878 rapacissimum
2437 2817 2752 2880 quemque
2799 2797 2880 2860 ad

592 2897 907 2980 ampliora
972 2899 1184 2962 officia
1248 2922 1326 2962 ex
1388 2899 1704 2963 indust-ria
1759 2902 1988 2964 solitus
2044 2923 2451 2984 promouere,
2515 2923 2644 2985 quo
2707 2904 2880 2967 locu·

591 3003 897 3086 pletiores
936 3026 1087 3068 mox
1125 3006 1603 3089 condemnaret3
1643 3008 1874 3090 quibus
1905 3008 2158 3090 quidem
2198 3008 2396 3095 uolgo
2433 3031 2550 3095 pro
2591 3011 2880 3096 spongiis

727 3187 773 3234 9.
808 3187 871 3233 12
886 3199 965 3249 sq.
1005 3183 1073 3248 cf.
1112 3181 1345 3250 Eutrop.
1382 3181 1505 3235 VII
1534 3187 1678 3247 19,2
1715 3180 2132 3250 placidissimae
2169 3183 2439 3251 lenitatis,
2478 3186 2542 3236 ut
2579 3185 2678 3252 qui
2705 3185 2876 3239 maie·

584 3261 749 3314 statis
796 3277 1021 3329 quoque
1066 3264 1262 3314 contra
1308 3278 1365 3314 se
1411 3278 1535 3316 reos
1582 3279 1694 3315 non
1739 3261 1908 3315 facile
1954 3262 2181 3331 puniret
2224 3263 2375 3317 ultra
2423 3263 2580 3317 exilii
2620 3281 2877 3334 poenam.

579 3343 649 3408 cf.
684 3341 816 3395 Vict.
842 3342 989 3396 Caes.
1020 3347 1071 3406 9,
1090 3346 1221 3409 2sq.
1263 3343 1439 3410 (Epit.
1471 3347 1523 3406 9,
1544 3344 1598 3410 5)
1812 3349 1877 3396 14
1907 3360 2024 3410 sqq.
2067 3344 2250 3398 Victor
2287 3345 2437 3400 Caes.
2468 3349 2521 3410 9,
2543 3349 2579 3397 6
2624 3343 2876 3398 infirmus

582 3421 790 3487 tamen,
827 3420 915 3474 uti
952 3421 1182 3489 quidam
1220 3437 1394 3489 praue
1433 3423 1663 3490 putant,
1703 3423 1999 3475 aduersum
2037 3423 2358 3491 pecuniam,
2408 3441 2534 3478 cum
2572 3424 2710 3477 satis
2748 3442 2874 3478 con-

580 3502 691 3553 stet
739 3501 944 3554 aerarii
990 3501 1185 3568 inopia
1223 3517 1288 3553 ac
1334 3501 1463 3554 labe
1500 3505 1578 3568 <et
1615 3502 1775 3556 clade
1813 3504 1992 3571 Epit.)
2037 3503 2262 3557 urbium
2307 3521 2482 3557 nouas
2530 3521 2658 3558 eum
2695 3521 2878 3574 neque

579 3578 931 3647 aliquamdiu
987 3582 1184 3650 postea
1248 3580 1473 3634 habitas
1528 3582 1898 3652 uectigalium
1950 3583 2246 3651 pensiones
2303 3584 2672 3652 exquisiuisse
2727 3586 2878 3653 (inde

580 3661 736 3727 Epit.
777 3663 839 3724 9,
870 3665 937 3724 7).
1032 3661 1266 3730 Eutrop.
1310 3662 1427 3714 VII
1474 3667 1567 3727 19,
1598 3667 1638 3715 2
1700 3663 1974 3731 pecuniae
2037 3667 2257 3717 tantum
2315 3663 2538 3720 auidior
2591 3664 2728 3732 fuit,
2793 3666 2876 3719 ita

585 3738 864 3811 (tamen)
903 3741 966 3792 ut
1012 3756 1137 3793 eam
1184 3740 1326 3793 nulli
1371 3740 1579 3796 iniuste
1625 3741 1885 3796 auferret.
1961 3759 2129 3811 quam
2169 3761 2294 3797 cum
2343 3744 2495 3798 omni
2541 3743 2874 3814 diligentiae

580 3818 904 3887 prouisione
953 3818 1266 3889 colligeret,
1322 3823 1509 3874 tamen
1557 3822 1966 3876 studiosissime
2012 3823 2384 3892 largiebatur,
2440 3824 2743 3894 praecipue
2787 3826 2874 3878 in-

583 3899 923 3969 digentibus
999 3915 1102 3953 nec
1148 3899 1317 3954 facile
1364 3905 1494 3955 ante
1552 3918 1680 3955 eum
1727 3903 2056 3972 cuiusquam
2101 3902 2373 3973 principis
2426 3903 2515 3957 uel
2561 3905 2744 3958 maior
2788 3909 2874 3959 est

578 3977 893 4033 liberalitas
932 3983 1217 4050 comperta
1254 3980 1347 4034 uel
1385 3983 1600 4036 iustior.

722 4145 752 4190 3
792 4141 1104 4209 reperietur
1140 4159 1164 4193 ε
1212 4144 1297 4207 (ss.
1337 4139 1367 4192 i
1406 4142 1762 4212 reperiretur)
1810 4144 2069 4209 Salmas„
2112 4144 2452 4212 reperiretur
2489 4147 2540 4197 ,Ω
2580 4147 2761 4214 (repp—
2803 4145 2873 4214 G,

578 4221 856 4288 reperitur
883 4222 952 4290 T)
1098 4227 1130 4272 5
1160 4236 1416 4274 reuersus
1446 4237 1511 4274 ex
1535 4224 1649 4276 HR
1799 4223 2207 4292 Vespasianum
2239 4225 2337 4278 del.
2359 4225 2538 4278 Polak
2701 4231 2729 4278 7
2753 4243 2872 4279 sus-

577 4301 797 4353 censuit
826 4302 878 4354 L
1034 4308 1098 4354 12
1136 4300 1382 4355 laetatus
1420 4305 1596 4370 mtppl.
1627 4321 1660 4362 ς
1691 4305 1901 4373 (uu-195),
1937 4304 2168 4372 gauisus
2202 4305 2260 4359 Ο.
2295 4305 2587 4369 Rossbach,
2625 4303 2870 4360 laetatus

576 4382 664 4431 est
701 4381 759 4432 et
796 4381 957 4446 Roth,
994 4380 1240 4435 laetatus
1279 4384 1364 4434 est
1401 4385 1458 4436 et
1495 4384 1751 4449 quamuis
1790 4385 2055 4438 Biieheler
2272 4388 2336 4436 13
2377 4383 2669 4453 suppliciis
2707 4385 2872 4439 iustis

580 4461 631 4514 G
741 4461 912 4512 etiam
949 4463 1007 4514 et
1038 4462 1288 4527 MGLP,
1326 4462 1497 4515 etiam
1540 4462 1601 4533 Q,
1639 4480 1821 4531 neque
1858 4464 2030 4516 etiam
2069 4467 2142 4530 H,
2181 4480 2361 4531 neque
2399 4465 2572 4517 etiam
2609 4467 2667 4518 et
2705 4465 2872 4532 RST,

578 4555 758 4606 neque
796 4555 908 4592 non
936 4540 1110 4593 etiam
1138 4543 1213 4595 13.
1231 4544 1451 4597 Vossius
1478 4545 1654 4613 leye-ns
1683 4560 2024 4612 quamquam
2045 4562 2153 4613 pro
2181 4562 2448 4612 umquam
2596 4547 2660 4598 18
2700 4561 2870 4612 quae·

577 4627 709 4680 dam
746 4645 847 4682 om.
886 4633 933 4683 Τ
1076 4635 1140 4682 19
1179 4647 1284 4685 nec
1312 4632 1605 4702 HQSTN&
1769 4633 2085 4686 candidatis
2131 4635 2280 4700 Y'N,
2332 4633 2668 4687 candidatus
2705 4621 2796 4690 ref.
