3259 5209
1339 466 1749 525 PRAEFATIO
2517 468 2695 525 XXIX

391 639 459 696 in
515 642 940 699 commentario
993 638 1333 699 accuratius
1387 638 1689 697 tractandi
1741 642 1930 699 erunt.
2012 640 2211 715 recepi
2256 658 2286 696 e
2332 639 2691 698 Memmiano

393 727 680 787 lectiones
728 748 906 805 quam
951 728 1266 805 plurimaS,
1333 728 1548 803 quibus
1595 727 1647 786 si
1700 727 2001 788 addideris
2054 730 2119 786 in
2163 728 2276 787 hac
2322 728 2691 802 praefatione

383 820 887 877 commemoratas
941 818 1240 894 integrum
1295 817 1418 876 fere
1466 816 1727 877 codicem
1774 835 2111 893 expressum
2157 816 2427 889 habebis;
2475 836 2507 875 e
2553 817 2691 875 reli-

394 906 527 981 quis
573 906 849 981 selectas,
910 910 970 965 et
1015 909 1104 965 ita
1149 906 1391 983 quidem
1435 910 1502 964 ut
1549 910 1819 966 notarem
1862 906 2109 965 lacunas
2155 904 2563 981 notabilioreS,
2629 906 2690 965 id

397 998 490 1053 est
533 1014 716 1053 unum
763 996 861 1055 uel
908 996 1082 1071 plura
1129 996 1422 1055 uocabula
1467 997 1703 1068 omissa,
1750 1014 1951 1055 omnes
1998 1014 2068 1053 ex
2116 994 2173 1053 G
2218 998 2281 1054 et
2336 996 2393 1055 V
2430 996 2691 1071 itemque

396 1102 466 1141 ex
513 1083 802 1143 classibus
849 1086 914 1143 X
957 1088 1016 1144 et
1065 1088 1140 1159 Y,
1202 1104 1392 1160 neque
1445 1084 1644 1143 minus
1688 1084 2109 1143 traiectionum
2156 1084 2261 1159 qui
2306 1084 2692 1143 inueniuntur

381 1192 636 1247 -erroreS,
683 1192 816 1233 cum
863 1175 1012 1233 talia
1057 1176 1313 1233 maxime
1359 1172 1574 1233 idonea
1611 1175 1733 1232 sint
1768 1174 1849 1233 ad
1884 1172 2363 1233 constituendum
2400 1172 2689 1232 librorum

381 1264 644 1321 ,stemma
699 1262 1234 1339 adscribendosque
1289 1266 1483 1323 certae
1539 1263 1719 1322 classi
1774 1262 2004 1323 codices
2050 1279 2235 1322 nouos
2282 1262 2334 1320 si
2380 1262 2487 1338 qui
2533 1263 2687 1321 forte

387 1350 866 1429 inuestigauerit.
949 1355 1156 1411 contra
1201 1352 1432 1429 neglexi
1479 1352 1600 1409 fere
1648 1352 1882 1411 litteras
1928 1352 2259 1428 singulares
2306 1350 2687 1427 syllabasque

387 1440 627 1515 passim,
671 1444 742 1499 ut
787 1440 1034 1514 adsolet,
1081 1446 1354 1500 currente
1401 1440 1541 1499 stilo
1600 1442 2053 1518 praetermissas
2098 1441 2195 1499 uel
2244 1440 2493 1499 additas
2586 1440 2687 1499 sed

387 1528 606 1587 talium
662 1548 895 1605 quoque
949 1532 1247 1606 specimen
1295 1562 1378 1571 —
1429 1530 1587 1605 quod
1635 1530 1712 1588 ad
1758 1532 1839 1588 M
1878 1529 2097 1589 attinet
2142 1530 2549 1606 plenissimum
2598 1560 2687 1570 -—

385 1616 648 1676 dandum
694 1620 926 1694 putaui,
970 1638 1046 1678 ne
1091 1618 1236 1695 quid
1283 1618 1655 1678 desideretur
1702 1618 1861 1695 quod
1906 1619 2171 1679 conferre
2209 1619 2401 1694 possit
2438 1616 2514 1676 ad
2555 1638 2685 1693 per-

387 1706 750 1782 spiciendam
788 1708 1346 1783 inlustrandamque
1385 1708 1698 1767 meliorum
1724 1708 2015 1767 librorum
2042 1707 2320 1766 indolem.
2385 1708 2448 1765 in
2486 1708 2683 1765 ortho-

373 1796 686 1872 graphicis
733 1796 1187 1870 Memmianum,
1241 1800 1308 1855 ut
1353 1816 1466 1873 par
1510 1802 1626 1869 est,
1672 1796 1775 1856 ubi
1821 1798 1950 1855 fieri
1998 1797 2197 1872 potuit
2242 1796 2339 1854 uel
2386 1796 2490 1855 ubi
2537 1796 2684 1855 utile

386 1885 582 1943 uisum
629 1890 734 1959 est,
781 1891 1018 1945 secutus
1065 1904 1212 1945 sum.
1303 1904 1422 1945 non
1469 1904 1661 1961 pauca
1706 1888 2005 1963 reuocaui‚
2050 1904 2203 1962 quae
2250 1885 2475 1961 priores
2523 1903 2681 1961 spre-

383 1976 618 2048 uerunt,
667 1977 732 2033 at
777 1993 894 2034 non
941 1993 1077 2033 raro
1122 1976 1182 2033 in
1233 1974 1624 2035 deterioribus
1669 1974 1837 2033 libris
1886 1974 2386 2051 adquiescendum
2422 1974 2542 2033 fuit
2578 1977 2685 2033 aut

370 2062 623 2121 -omnino
685 2062 760 2121 ab
816 2063 1128 2139 archetypi
1181 2065 1436 2123 lectione
1490 2062 1897 2123 recedendum.
1988 2064 2199 2122 horum
2254 2081 2491 2139 quoque
2545 2082 2681 2122 con-

383 2156 652 2225 spectum
713 2153 873 2211 infra
930 2152 1215 2211 inuenies.
1307 2153 1378 2212 de
1444 2152 1871 2227 expilatoribus
1929 2152 2177 2211 Suetoni
2240 2154 2345 2228 qui
2406 2152 2684 2211 dicuntur

385 2240 546 2299 locus
594 2241 692 2299 hic
739 2260 856 2300 non
902 2246 994 2301 est
1037 2247 1106 2300 ut
1152 2242 1446 2317 copiosius
1492 2241 1797 2301 disseram.
1873 2242 1976 2317 qui
2022 2260 2156 2301 cum
2204 2240 2475 2301 omnibus
2512 2240 2681 2301 libris

371 2328 802 2404 ‚superstitibus
831 2330 1024 2389 multo
1054 2331 1176 2389 sint
1194 2330 1574 2403 uetustioreS,
1592 2330 1946 2409 neglegendi
1974 2330 2217 2389 minime
2247 2332 2505 2389 fuerunt.
2562 2334 2679 2389 ret-

383 2417 499 2476 tuli
543 2418 732 2495 igitur
783 2419 942 2477 inter
996 2420 1340 2479 testimonia
1395 2421 1557 2479 locos
1613 2422 1971 2495 scriptorum
2018 2420 2348 2492 uariorum,
2413 2438 2563 2495 quos
2609 2438 2679 2477 ex

369 2505 744 2566 {Suetoniano
789 2512 971 2583 puteo
1017 2508 1287 2567 hausisse
1334 2510 1431 2567 uel
1479 2511 1708 2567 certum
1754 2509 1853 2567 uel
1899 2507 2208 2583 probabile
2254 2512 2345 2567 est
2360 2502 2439 2588 ¹)3
2502 2508 2677 2583 Poly-

381 2613 592 2655 aenum
643 2596 804 2670 dicO,
847 2600 918 2656 ut
962 2600 1224 2674 potiores
1270 2617 1636 2669 enumerem,
1686 2598 2067 2674 Eutropium,
2114 2597 2429 2657 Aurelium
2474 2596 2677 2657 Victo-

379 2703 504 2743 rem
552 2682 714 2763 (cum
761 2689 1020 2763 epitome
1065 2706 1218 2761 quae
1267 2687 1392 2746 eius
1427 2676 1677 2746 'nomine
1724 2680 1959 2765 fertur),
1998 2689 2347 2761 Ausonium,
2386 2686 2675 2745 Orosium.

381 2775 617 2849 parcior
681 2774 768 2833 fui
831 2776 895 2833 in
956 2775 1273 2834 laudandis
1337 2775 1725 2851 scriptoribus
1786 2776 2070 2835 historiae
2126 2778 2463 2853 Augustae,
2529 2792 2676 2850 quos

379 2862 711 2923 imitatores
776 2863 976 2940 potius
1041 2864 1275 2923 dixeris.
1289 2855 1339 2945 ²)
1433 2866 1504 2923 de
1568 2866 1662 2922 his
1726 2864 2006 2940 aliisque,
2060 2865 2230 2923 uelut
2285 2864 2357 2923 de
2410 2862 2676 2923 fontibus

367 2950 646 3025 :Suetoni,
689 2952 762 3011 de
807 2955 1057 3026 ratione,
1109 2973 1260 3029 quae
1308 2954 1465 3012 inter
1510 2972 1644 3012 eum
1693 2958 1753 3012 et
1799 2954 2074 3013 Tacitum
2117 2953 2477 3025 intercedat,
2542 2952 2675 3028 plus

367 3040 564 3099 :semel
609 3042 673 3099 in
719 3044 1146 3101 commentario
1193 3061 1386 3101 sermo
1432 3043 1735 3102 inferetur.
1812 3042 1991 3101 attuli
2039 3046 2241 3101 tamen
2286 3045 2405 3100 iam
2452 3042 2516 3099 in
2562 3041 2675 3101 hoc

377 3130 682 3188 uolumine
740 3150 890 3206 quae
946 3131 1278 3190 necessaria
1323 3132 1424 3190 uel
1484 3132 2043 3206 impraesentiarum
2098 3131 2273 3190 utilia
2332 3131 2465 3191 uisa
2519 3136 2673 3188 sunt.

557 3217 888 3296 Conspectu
950 3220 1322 3295 mendorum,
1388 3240 1563 3296 quem
1628 3220 1935 3293 subiunxi,
2000 3222 2235 3279 cautius
2292 3223 2360 3279 ut
2424 3222 2676 3277 utantur

380 3305 630 3366 lectores
676 3310 777 3367 uix
824 3312 914 3367 est
950 3328 1057 3367 cur
1093 3328 1381 3369 moneam.
1447 3310 1606 3367 uarii
1642 3310 1799 3367 enim
1838 3310 2070 3387 generis
2108 3313 2250 3369 sunt
2285 3309 2675 3384 corruptelae,

377 3414 568 3471 neque
613 3416 852 3471 paucae,
898 3416 1054 3473 quae
1101 3398 1238 3457 aliis
1285 3418 1354 3455 ex
1411 3398 1628 3457 litteris
1676 3417 1985 3474 perperam
2034 3398 2203 3457 lectis
2250 3401 2463 3457 enatae
2510 3397 2671 3455 uide-

379 3482 622 3559 buntur,
666 3486 771 3545 alii
817 3506 886 3545 ex
930 3488 1416 3562 pronuntiatione
1465 3487 1703 3563 uulgari
1750 3488 2043 3563 explicare
2082 3487 2325 3559 malent,
2373 3488 2481 3545 alii
2518 3505 2671 3544 com-

377 3592 586 3633 munes
633 3576 924 3651 tritosque
971 3594 1195 3634 errores
1245 3576 1568 3635 scribarum
1614 3576 1993 3654 neglegentia
2030 3580 2191 3635 ortos
2230 3576 2671 3634 existimabunt.

380 3681 562 3737 quare
618 3664 886 3723 consulto
941 3664 1214 3742 legitima
1269 3665 1723 3724 consonantium
1768 3665 2116 3742 digestione,
2167 3684 2347 3740 quam
2393 3683 2498 3723 suo
2544 3664 2671 3723 iure

377 3752 524 3811 artis
561 3754 986 3831 grammaticae
1021 3754 1261 3829 patroni
1297 3754 1705 3829 postulabunt,
1751 3754 2029 3813 abstinui.
2107 3756 2172 3811 in
2219 3754 2669 3831 palaeographi-

378 3840 462 3898 cis
509 3860 664 3917 quae
710 3846 906 3900 errata
967 3848 1132 3918 sunt,
1197 3845 1445 3919 partim,
1501 3846 1572 3902 ut
1617 3844 1739 3901 iam
1794 3842 2155 3921 significaui,
2212 3862 2280 3901 ex
2327 3843 2669 3901 litteratura

377 3929 626 4005 capitali
671 3931 1045 4007 explicantur
1057 3924 1128 4011 ³),
1174 3932 1396 4006 partim
1443 3952 1584 3991 uero
1631 3951 1704 3991 ex
1748 3932 2080 3992 minuscula
2127 3951 2317 4007 neque
2362 3950 2497 3989 raro
2540 3931 2670 4006 tali,

556 4192 607 4254 1)
645 4188 792 4242 Roth
822 4190 998 4257 p.raef
1027 4207 1080 4258 p.
1113 4189 1340 4258 XVIsq.
1380 4189 1632 4257 XXX1V3
1675 4193 1745 4244 de
1774 4190 1950 4244 Dione
1981 4190 2067 4244 illi
2105 4190 2335 4243 minime
2366 4190 2665 4241 adsentior.

375 4258 444 4312 de
483 4258 766 4313 Einhardo
804 4278 859 4313 u.
889 4278 1132 4330 suprap
1138 4260 1312 4314 .V111.

553 4335 606 4395 2)
638 4330 718 4385 cf.
738 4331 964 4386 interim
983 4332 1256 4399 Welfflin,
1277 4332 1408 4386 Sitz.
1411 4333 1560 4387 -.Ber
1591 4334 1765 4387 derk.
1786 4334 1973 4401 bayer.
1998 4333 2175 4386 Akad.
2198 4338 2329 4385 1891
2354 4350 2408 4400 p.
2430 4338 2665 4398 465sqq.

375 4400 437 4455 Ε.
467 4400 665 4469 Klebe,
717 4402 915 4457 Rhein.
945 4402 1087 4457 Mus.
1123 4409 1188 4458 47
1230 4409 1409 4473 (1902)
1457 4423 1510 4473 p.
1553 4412 1618 4458 26
1642 4423 1761 4473 sqq.
1827 4405 1894 4459 H.
1924 4406 2112 4471 Peter,
2163 4405 2267 4457 Die
2315 4403 2504 4471 script.
2535 4403 2663 4455 hist.

362 4472 515 4543 ‘Aug
545 4478 1269 4615 {³1‘(')'231f3⁸pem¹¹t²‘²⁸
1310 4548 1364 4601 b·
1375 4565 1427 4614 s,
1475 4565 1524 4601 c.
1515 4550 1673 4671 Ἣ
1674 4551 1745 4615 zi,
1792 4551 1837 4602 i:
1828 4548 1871 4600 ·l
1908 4547 1979 4601 al.
2056 4548 2123 4600 cf.
2174 4563 2381 4600 errores
2418 4545 2666 4611 fabriles,

1570 4636 1663 4672 nei

356 4632 512 4683 -quos
543 4634 570 4669 e
599 4616 783 4670 titulis
813 4616 1042 4687 collegit
1069 4616 1440 4687 Engelbertus
1462 4618 1528 4672 Sc
1650 4619 1782 4686 der,
1812 4620 1955 4673 Dial.
1975 4619 2099 4673 Ital.
2130 4636 2213 4673 ex.
2234 4618 2329 4672 sel.
2352 4636 2405 4685 p.
2430 4622 2531 4670 128
2544 4634 2664 4684 sqq.
