3259 5209
524 613 614 678 20

527 1360 609 1427 21

525 2320 611 2385 22

563 3297 593 3344 2

638 453 767 516 174
1330 452 1385 508 C.
1427 453 1742 508 SVETONI
1779 453 2224 519 TRANQVILLI

810 616 1037 681 Edidit
1074 620 1138 681 et
1182 639 1448 704 peregre
1494 617 1885 701 spectacula,
1931 617 2000 683 in
2040 615 2261 683 Sicilia
2308 616 2642 702 Syracusis
2688 616 2936 682 asticos

628 723 815 788 ludos
864 729 929 789 et
974 725 1041 788 in
1082 722 1292 788 Gallia
1327 723 1674 811 Luguduni
1719 723 2072 809 miscellos;
2119 726 2232 790 sed
2269 724 2374 789 hic
2410 729 2733 788 certamen
2772 745 2934 806 quo-

633 851 757 912 que
796 828 1071 895 Graecae
1097 830 1489 915 Latinaeque
1525 831 1880 912 facundiae,
1918 853 2046 916 quo
2086 831 2434 897 certamine
2470 831 2687 895 ferunt
2722 830 2936 895 uicto-

630 935 810 1002 ribus
866 937 1154 1021 praemia
1206 938 1415 1002 uictos
1472 937 1847 1021 contulisse,
1893 938 2244 1004 eorundem
2293 946 2358 1002 et
2400 936 2620 1003 laudes
2667 958 2934 1020 compo-

631 1065 783 1108 nere
838 1047 1121 1126 coactos3
1182 1066 1291 1109 eos
1347 1049 1591 1127 autem,
1653 1046 1763 1128 qui
1809 1045 2088 1110 maxime
2138 1043 2644 1129 displicuissem,
2689 1043 2934 1126 scripta
2993 1067 3028 1108 s

632 1172 748 1216 sua
792 1152 1063 1236 spongia
1106 1152 1409 1237 linguaue
1456 1151 1666 1216 delere
1710 1152 1948 1237 iussos,
1993 1152 2120 1216 nisi
2165 1152 2394 1217 ferulis
2441 1149 2770 1236 obiurgari
2817 1152 2936 1213 aut

632 1256 897 1322 flumine
940 1258 1239 1340 proximo
1286 1259 1490 1343 mergi
1535 1258 1930 1324 maluissent.

813 1360 1023 1447 Opera
1068 1363 1189 1430 sub
1234 1363 1493 1430 Tiberio
1542 1365 2018 1450 semiperfecta,
2063 1365 2378 1449 templum
2425 1363 2708 1451 Augusti
2754 1362 2936 1426 thea—

631 1474 932 1553 trumque
987 1469 1283 1555 Pompei,
1346 1470 1646 1537 absoluit.
1738 1471 2073 1536 incohauit
2117 1475 2334 1536 autem
2399 1493 2602 1555 aquae
2664 1470 2932 1534 ductum

632 1577 893 1660 regione
940 1575 1194 1642 Tiburti
1242 1581 1307 1642 et
1351 1577 1894 1662 amphitheatrum
1943 1580 2121 1643 iuxta
2159 1577 2413 1663 Saepta,
2459 1599 2734 1662 quorum
2782 1598 2936 1660 ope·
2969 1600 3032 1640 ιο

632 1705 777 1748 rum
808 1705 845 1746 a
882 1705 1247 1750 successore
1275 1685 1411 1750 eius
1442 1684 1709 1750 Claudio
1737 1687 2010 1750 alterum
2048 1689 2400 1769 peractum,
2438 1685 2748 1750 omissum
2775 1685 2936 1748 alte-

631 1813 774 1855 rum
840 1795 954 1854 est.
1058 1789 1389 1875 Syracusis
1454 1791 1759 1875 conlapsa
1831 1795 2154 1856 uetustate
2218 1791 2474 1856 moenia
2538 1793 2936 1874 deorumque

632 1898 817 1963 aedes
866 1896 1153 1963 refectae.
1238 1896 1670 1962 destinauerat
1716 1902 1781 1961 et
1828 1895 2005 1963 Sami
2050 1896 2410 1981 Polycratis
2456 1899 2701 1982 regiam
2747 1897 2935 1962 resti-

632 2009 830 2088 tuere,
875 2004 1084 2069 Mileti
1122 2003 1510 2087 Didymeum
1547 2025 1870 2090 peragere,
1917 2005 1982 2068 in
2020 2005 2174 2089 iugo
2214 2003 2478 2088 Alpium
2517 2003 2743 2068 urbem
2782 2025 2934 2068 con·-

635 2112 798 2194 dere,
844 2112 957 2176 sed
1004 2116 1150 2176 ante
1198 2111 1416 2176 omnia
1458 2108 1780 2178 Isthmum
1827 2112 1895 2174 in
1940 2110 2186 2175 Achaia
2233 2111 2596 2196 perfodere,
2641 2113 2934 2176 miserat·
2967 2133 3024 2172 ιε

634 2241 758 2302 que
804 2219 931 2282 iam
980 2218 1059 2283 ad
1107 2218 1560 2290 dimetiendum
1610 2240 1774 2302 opus
1821 2217 2300 2302 primipilarem.

812 2323 1136 2389 Hactenus
1184 2326 1367 2408 quasi
1423 2324 1499 2390 de
1545 2325 1854 2409 principe,
1907 2323 2156 2408 reliqua
2207 2329 2284 2388 ut
2330 2325 2407 2388 de
2452 2330 2742 2389 monstro
2787 2346 2932 2388 nar-

630 2431 831 2496 randa
876 2435 1045 2496 sunt.

814 2537 1267 2621 Compluribus
1328 2538 1820 2624 cognominibus
1884 2539 2242 2622 adsumptis
2289 2575 2376 2586 --
2431 2559 2580 2602 nam
2635 2543 2700 2602 et
2754 2538 2930 2622 pius

632 2650 697 2709 et
757 2651 1179 2711 castrorum
1240 2644 1463 2709 filius
1523 2649 1589 2709 et
1646 2650 1870 2729 pater
1929 2647 2402 2710 exercituum
2467 2649 2534 2710 et
2590 2646 3022 2730 optimusso

634 2753 1003 2816 maximus
1052 2749 1326 2816 Caesar
1370 2752 1724 2816 uocabatur
1759 2790 1846 2798 —-
1885 2773 2026 2816 cum
2069 2751 2318 2816 audiret
2361 2752 2528 2816 forte
2565 2773 2766 2837 reges,
2815 2753 2928 2835 qui

634 2858 834 2924 officii
882 2880 1073 2923 causa
1118 2858 1185 2923 in
1231 2859 1453 2924 urbem
1502 2859 1910 2942 aduenerant,
1958 2859 2386 2924 concertantis
2423 2858 2593 2942 apud
2629 2881 2698 2923 se
2735 2880 2932 2942 super

631 2986 851 3030 cenam
900 2966 975 3029 de
1022 2964 1361 3029 nobilitate
1410 2967 1678 3050 generisi,
1725 2966 2112 3030 exclamauit
2147 2967 2374 3049 (Hom.
2409 2965 2485 3030 Il.
2515 2971 2579 3042 2,
2607 2967 2808 3048 204>2

1182 3063 1276 3148 εἷς
1321 3075 1630 3156 κοίρανος
1675 3069 1862 3156 ἔστω,
1911 3063 2003 3148 εἷς
2047 3073 2377 3154 βασιλεύς.

630 3200 749 3243 nec
807 3180 1082 3243 multum
1144 3179 1308 3244 afuit
1367 3180 1524 3263 quin
1586 3181 1803 3244 statim
1862 3179 2151 3244 diadema
2197 3183 2476 3244 sumeret
2521 3180 2931 3262 speciemque
2961 3197 3017 3238 85

634 3286 1032 3369 principatus
1090 3286 1155 3349 in
1210 3287 1391 3371 regni
1448 3287 1724 3350 formam
1782 3291 2200 3350 conuerteret.
2285 3307 2508 3350 uerum
2557 3285 2927 3350 admonitus

633 3397 697 3455 et
741 3393 1107 3477 principum
1166 3398 1229 3456 et
1282 3414 1505 3477 regum
1564 3414 1631 3456 se
1690 3392 2036 3456 excessisse
2095 3391 2454 3477 fastigium,
2511 3391 2799 3457 diuinam
2849 3414 2929 3457 ex

628 3491 707 3562 *eo
756 3500 1151 3563 maiestatem
1189 3521 1466 3563 asserere
1506 3500 1629 3564 sibi
1680 3499 1918 3583 coepit3
1967 3499 2244 3583 datoque
2280 3500 2565 3583 negoti0‚
2609 3503 2684 3563 ut
2731 3497 2928 3564 simu-

628 3605 803 3670 lacra
842 3606 1181 3670 numinum
1218 3606 1526 3691 religione
1565 3610 1629 3670 et
1677 3611 1812 3670 arte
1849 3606 2190 3690 praeclara,
2235 3607 2403 3671 inter
2438 3626 2604 3689 quae
2641 3603 2928 3690 Olympii

630 3711 833 3794 Iouis,
889 3717 1381 3797 apportarentur
1426 3735 1461 3776 e
1519 3711 1809 3792 Graecia,
1866 3712 2099 3794 quibus
2156 3711 2364 3795 capite
2420 3711 2680 3795 dempto
2738 3733 2926 3776 suum
2957 3737 3016 3778 so

632 3831 1059 3838 -————-———-——*

778 3885 842 3933 1⁷
884 3880 1065 3934 Victor
1095 3880 1241 3934 Caes.
1265 3884 1315 3942 3,
1336 3883 1370 3932 9
1408 3881 1679 3946 tanquam
1726 3877 1924 3930 beluae
1964 3876 2104 3946 (-lua
2143 3878 2362 3947 Miihly)
2401 3877 2604 3931 hausto
2651 3877 2928 3948 sanguine

632 3961 919 4029 ingenium
952 3959 1179 4013 exeruit.
1329 3965 1395 4011 25
1434 3960 1507 4012 id.
1541 3963 1591 4024 3,
1616 3963 1683 4012 13
1712 3958 1798 4010 his
1829 3957 2011 4010 elatus
2045 3957 2331 4010 dominum
2361 3956 2474 4010 dici
2505 3961 2676 4026 atque
2703 3957 2928 4026 insigne

631 4039 791 4110 regni
818 4042 1041 4093 nectere
1070 4039 1245 4107 capiti
1283 4041 1678 4106 temptauerat.
1737 4039 1892 4106 Epic.
1916 4042 1966 4102 3,
1987 4043 2023 4090 S
2060 4037 2273 4107 primus
2303 4037 2624 4091 diademate
2661 4037 2927 4106 imposito

632 4119 919 4174 dominum
952 4137 1011 4172 se
1046 4119 1211 4172 iussit
1240 4118 1532 4187 appellari.
1691 4124 1756 4170 29
1775 4136 1893 4186 sqq.
1924 4118 1991 4183 cf.
2025 4117 2208 4172 Victor
2229 4119 2374 4172 Caes.
2399 4121 2451 4182 3,
2472 4123 2544 4172 10
2581 4134 2710 4171 cum
2735 4117 2928 4171 Iouem

632 4218 691 4253 se
729 4200 800 4253 ob
840 4200 1111 4253 incestum
1145 4242 1153 4252 .
1180 4243 1189 4252 .
1216 4243 1225 4252 .
1258 4202 1543 4253 assereret.

775 4349 805 4395 2
837 4343 958 4413 sed]
990 4343 1087 4397 sed
1118 4345 1175 4396 et
1206 4343 1257 4396 G
1366 4347 1396 4395 6
1428 4340 1624 4410 lingua
1652 4339 1812 4394 uelut
1840 4340 2078 4410 spongia
2106 4340 2412 4394 Helmreich
2523 4345 2586 4392 16
2610 4339 2928 4394 demetien-

633 4423 765 4476 dum
785 4425 837 4477 L
946 4430 1007 4476 21
1032 4422 1417 4490 maximusque
1432 4423 1481 4476 G
1584 4428 1652 4474 23
1674 4420 2012 4474 exclamauit
2033 4420 2101 4473 de
2118 4421 2236 4491 celo
2255 4419 2415 4472 uenit
2431 4419 2594 4473 nobis
2609 4419 2794 4488 (uobis
2803 4420 2849 4474 S
2855 4421 2888 4472 2
2895 4421 2926 4486 ')

632 4519 727 4556 rex
746 4505 872 4568 XN,
889 4519 1084 4574 yraeca
1106 4519 1204 4556 om.
1224 4504 1329 4558 PT
1328 4503 1393 4556 N
1478 4507 1545 4555 28
1570 4502 1871 4571 negotione
1893 4504 2012 4566 (om.
2030 4505 2171 4552 ut—
2185 4499 2475 4570 religione)
2497 4499 2547 4553 G⁴
2621 4505 2688 4552 29
2709 4498 2927 4568 olympi

636 4585 721 4646 M,
760 4583 895 4650 -pici
930 4584 1038 4636 GT
1070 4585 1158 4651 (cf.
1190 4584 1336 4652 Auy.
1368 4587 1457 4636 603
1606 4587 1675 4635 30
1713 4597 1743 4634 e
1781 4579 2016 4634 Graecia
2054 4582 2132 4634 ecl.
2169 4581 2478 4646 Ven.1510,
2514 4579 2746 4649 egregia
2781 4581 2834 4632 ,Ω
