3259 5209
612 455 742 520 348
1308 455 1363 512 Ο.
1405 457 1718 513 SVETONI
1756 457 2204 524 TRANQWLLI

613 619 887 684 alterum
924 619 1389 702 Domitianum,
1429 625 1693 706 repente
1731 643 1808 686 ex
1847 621 2226 686 tenuissima
2261 621 2626 705 suspicione
2653 626 2910 689 tantum

611 746 745 791 non
809 727 877 790 in
941 729 1081 811 ipso
1146 727 1283 793 eius
1348 728 1686 794 consulatu
1745 728 2088 794 interemit.
2199 750 2328 812 quo
2368 728 2670 794 'maxime
2733 727 2910 792 facto

613 834 965 898 maturauit
1010 834 1135 903 sibi
1182 835 1468 901 exitium.

544 973 574 1020 2
792 939 1130 1006 Continuis
1195 946 1341 1007 octo
1400 943 1730 1008 mensibus
1787 946 1888 1008 tot
1941 942 2202 1029 fulgura
2254 942 2426 1007 facta
2483 943 2914 1026 nuntiataque

612 1051 781 1131 sunt,
827 1051 901 1112 ut
945 1048 1425 1113 exclamauerit:
1470 1049 1706 1115 feriat
1750 1050 1924 1134 iam,
1971 1071 2188 1132 quem
2227 1051 2455 1114 uolet.
2548 1053 2794 1114 tactum
2835 1049 2915 1114 de
2969 1073 3006 1115 ι

614 1154 788 1226 caelo
856 1153 1248 1240 Capitolium
1314 1155 1756 1240 templumque
1819 1155 2080 1222 Flauiae
2144 1157 2385 1243 gentis,
2457 1157 2616 1220 item
2683 1157 2916 1220 domus

613 1261 910 1326 Palatina
955 1269 1019 1326 et
1066 1262 1432 1326 cubiculum
1479 1263 1702 1348 ipsiuS,
1759 1269 1951 1346 atque
1997 1265 2192 1328 etiam
2239 1285 2273 1326 e
2320 1263 2459 1328 basi
2504 1266 2752 1328 statuae
2799 1263 2914 1326 tri-

614 1367 938 1453 umphalis
992 1369 1223 1433 titulus
1279 1391 1581 1434 excussus
1638 1370 1706 1434 ui
1762 1370 2080 1454 procellae
2137 1370 2204 1434 in
2250 1371 2719 1436 monimentum
2765 1391 2914 1454 pro-

612 1474 858 1540 ximum
907 1475 1157 1540 decidit.
1242 1476 1449 1562 arbor,
1497 1500 1660 1562 quae
1705 1479 1964 1561 priuato
2003 1477 2212 1542 adhuc
2249 1476 2648 1562 Vespasiano
2686 1498 2916 1541 euersa

616 1587 993 1667 surrexerat,
1040 1587 1198 1648 tune
1234 1605 1453 1649 rursus
1491 1588 1755 1668 repente
1803 1584 2061 1649 corruit.
2154 1583 2570 1649 Praenestina
2604 1583 2916 1668 Fortuna,
2947 1609 3008 1649 ιο

614 1693 755 1753 toto
814 1689 1068 1774 imperii
1123 1688 1335 1773 spatio
1382 1713 1620 1755 annum
1669 1712 1911 1756 nouum
1963 1691 2437 1756 commendanti
2482 1693 2721 1755 laetam
2767 1712 2916 1754 ean-

616 1795 887 1880 demque
958 1818 1209 1882 semper
1264 1783 1505 1862 sortem
1571 1796 1720 1862 dare
1787 1803 2054 1882 assueta,
2116 1801 2405 1862 extremo
2471 1797 2916 1862 tristissimam

615 1901 893 1967 reddidit
937 1924 1056 1968 nec
1102 1904 1239 1968 sine
1286 1905 1619 1990 sanguinis
1665 1904 2008 1969 mentione.

543 2025 573 2071 3
791 2009 1175 2094 Mineruam,
1241 2033 1433 2096 quam
1500 2011 1948 2095 superstitiose
2005 2012 2275 2090 colebat,
2333 2012 2682 2076 somniauit
2735 2033 2918 2077 exce-

614 2117 759 2182 dere
815 2117 1091 2181 sacrario
1157 2122 1627 2204 negantemque
1693 2117 1864 2183 ultra
1918 2139 1984 2182 se
2040 2119 2206 2182 tueri
2263 2140 2409 2183 eum
2467 2138 2681 2201 posse,
2737 2119 2916 2202 quod
2945 2141 3004 2183 ιι

613 2228 940 2288 exarmata
985 2229 1152 2288 esset
1197 2246 1235 2287 a
1279 2223 1449 2289 Ioue.
1534 2225 1714 2290 nulla
1750 2229 1963 2289 tamen
2003 2248 2073 2289 re
2109 2225 2374 2310 perinde
2411 2229 2774 2290 commotus
2815 2229 2918 2288 est

613 2353 807 2415 quam
886 2351 1193 2416 responso
1278 2352 1555 2415 casuque
1631 2331 2092 2396 Ascletarionis
2177 2331 2632 2397 mathematici.
2742 2332 2920 2395 hunc

616 2437 896 2502 delatum
945 2458 1062 2502 nec
1108 2438 1496 2503 infitiantem
1544 2439 1815 2503 iactasse
1872 2459 1939 2502 se
1987 2460 2149 2521 quae
2195 2438 2586 2524 prouidisset
2633 2459 2711 2501 ex
2757 2443 2918 2522 arte,

616 2545 974 2609 sciscitatus
1013 2550 1130 2624 est,
1166 2547 1311 2630 quis
1350 2546 1562 2630 ipsum
1601 2550 1890 2611 maneret
1929 2546 2165 2630 exitus3
2204 2551 2268 2610 et
2306 2545 2736 2610 affirmantem
2772 2546 2915 2610 fore

614 2655 687 2715 ut
744 2651 928 2716 breui
987 2652 1373 2717 laceraretur
1431 2675 1470 2717 a
1528 2651 1812 2735 canibuS,
1877 2651 2153 2717 interfici
2215 2653 2474 2736 quidem
2529 2653 2666 2716 sine
2711 2674 2913 2736 mora,
2942 2675 2999 2716 xe

616 2757 728 2821 sed
774 2756 852 2821 ad
889 2756 1359 2842 coarguendam
1397 2757 1824 2822 temeritatem
1864 2757 2023 2821 artis
2070 2757 2327 2842 sepeliri
2367 2781 2625 2844 quoque
2661 2780 2914 2824 accura-

615 2864 860 2928 tissime
940 2864 1300 2948 imperauit.
1420 2863 1593 2946 quod
1671 2886 1815 2928 cum
1886 2865 2086 2948 fieret,
2163 2865 2380 2930 euenit
2443 2871 2516 2930 ut
2579 2867 2917 2951 repentina

614 2975 993 3054 tempestate
1069 2971 1311 3034 deiecto
1386 2971 1609 3036 funere
1685 2971 2066 3036 semiustum
2143 2971 2417 3036 cadauer
2480 2972 2916 3058 discerperent

615 3099 817 3157 cauce,
864 3077 1058 3162 idque
1104 3078 1163 3142 ei
1211 3077 1465 3141 cenanti
1515 3101 1553 3142 a
1598 3079 1798 3142 mimo
1847 3077 2099 3161 Latino,
2147 3079 2259 3162 qui
2305 3080 2698 3163 praeteriens
2744 3080 2914 3145 forte

614 3183 1171 3268 animaduerterat,
1219 3186 1387 3249 inter
1433 3189 1674 3250 ceteras
1723 3185 1848 3248 diei
1895 3185 2146 3250 fabulas
2192 3185 2556 3251 referretur.
2941 3208 2994 3248 25

512 3303 602 3371 16
798 3290 1011 3362 Pridie
1041 3314 1233 3375 quam
1271 3291 1525 3376 periret,
1564 3313 1708 3356 cum
1750 3291 2002 3355 oblatos
2043 3293 2308 3357 tubures
2347 3294 2592 3358 seruari
2619 3293 2915 3359 iussisset

614 3400 684 3462 in
730 3400 1097 3482 crastinum,
1140 3398 1398 3463 adiecit:
1440 3400 1505 3462 si
1543 3396 1768 3462 modo
1808 3399 1924 3462 uti
1951 3400 2292 3484 licuerit,
2337 3405 2402 3464 et
2448 3413 2794 3465 conuersus
2832 3401 2914 3465 ad

614 3505 944 3589 proximos
964 3505 1315 3571 affirmauit
1337 3505 1502 3569 fore
1533 3512 1613 3569 ut
1643 3507 1996 3589 sequenti
2026 3505 2144 3569 die
2173 3505 2354 3572 luna
2383 3508 2564 3571 sein
2594 3509 2914 3592 aquario

757 3715 787 3762 3
826 3709 1037 3762 exitum
1066 3709 1187 3762 XN
1210 3709 1420 3780 (aulem,
1457 3725 1593 3762 corr.
1625 3707 1706 3762 L²
1902 3715 1934 3760 4
1972 3708 2124 3763 iacta
2165 3710 2436 3764 Graevius
2629 3716 2661 3763 5
2699 3709 2914 3763 factum

617 3792 722 3845 Me
868 3795 900 3843 8
938 3806 1267 3858 proxumum
1300 3790 1373 3844 M
1408 3789 1555 3858 (inde
1592 3792 1790 3857 opino-r
1815 3807 2068 3842 monum·
2097 3791 2184 3843 hic
2221 3791 2282 3842 in
2309 3791 2600 3860 archetypo
2625 3791 2810 3857 fuisse,
2849 3796 2918 3846 ut

606 3871 871 3939 praebent
902 3869 1191 3938 GHQPT)
1372 3875 1435 3922 10
1473 3870 1631 3941 tunc]
1662 3888 1833 3922 τ-Ν-(τ
1865 3870 1986 3934 Me,
2025 3888 2162 3923 ruse
2191 3887 2216 3923 ε
2391 3877 2453 3923 11
2496 3869 2915 3926 commendanti

613 3968 716 4004 om.
751 3953 800 4002 T
895 3949 1201 4017 eademque
1233 3951 1405 4014 MTd',
1437 3949 1673 4004 eandem
1699 3950 1827 4019 11²0
1937 3955 2002 4002 13
2035 3949 2284 4004 reddidit
2318 3949 2404 4018 ‘1³2
2434 3950 2624 4004 reddit
2648 3953 2742 4006 rel.
2771 3949 2916 4020 (Ωὲ),

615 4030 795 4085 edidit
821 4032 1055 4100 Bentley
1166 4036 1231 4084 15
1272 4032 1527 4084 lactante-m
1563 4037 1691 4083 ante
1727 4033 2141 4098 negantemque
2179 4033 2376 4084 statwit
2411 4031 2574 4097 Roth,
2609 4033 2915 4100 negantem

614 4113 763 4182 παῖς.
788 4118 915 4180 post
942 4111 1295 4178 Stephanum,
1322 4113 1625 4178 negantem
1655 4128 1876 4178 quoque
1911 4110 2049 4164 Oua.
2083 4111 2170 4178 (cf.
2205 4111 2320 4166 Gal.
2343 4114 2434 4179 57)
2583 4117 2645 4164 17
2676 4109 2913 4164 ascleta·-

612 4193 784 4245 rionis
814 4195 883 4256 Ω,
922 4191 1141 4260 ‘quaere
1170 4209 1245 4243 an-
1273 4189 1707 4258 Ascleparionis'
1743 4191 1973 4259 Bentley
2001 4198 2050 4244 et
2085 4192 2164 4245 sie
2199 4191 2400 4246 emend.
2433 4191 2793 4246 Kumanudis
2821 4193 2913 4258 (cf.

614 4273 941 4326 Boussevain
974 4273 1049 4324 ad
1077 4273 1249 4324 Dion.
1280 4274 1369 4335 67,
1390 4275 1475 4336 16,
1497 4275 1569 4336 3),
1599 4269 1940 4323 Asclationis
1970 4271 2038 4324 F.
2063 4270 2294 4324 Oumont
2314 4271 2512 4339 (Gatal.
2542 4272 2696 4326 codd.
2725 4273 2914 4326 astrol.

618 4353 807 4406 Graec.
851 4353 904 4404 V
916 4369 973 4420 p.
1004 4355 1133 4410 205)
1247 4355 1313 4403 18
1344 4354 1552 4418 seq(ue)
1583 4351 1897 4417 MGLPTQ
2015 4350 2326 4419 prouidisse
2361 4352 2576 4406 GLPT
2679 4357 2743 4405 21
2777 4368 2914 4420 quo-

614 4450 721 4501 que
759 4449 861 4486 om.
892 4453 949 4498 ρ,
997 4448 1166 4500 quam
1208 4432 1292 4485 uel
1328 4446 1549 4498 quoque
1592 4448 1760 4498 quam
1801 4431 1992 4484 Duker
2209 4437 2275 4483 23
2324 4430 2546 4485 detecto
2570 4432 2648 4496 N,
2677 4433 2916 4486 disiecto

616 4515 845 4582 Bentley
874 4514 967 4578 al,
998 4511 1215 4564 deserto
1245 4511 1473 4565 Ernesti
1619 4516 1687 4562 24
1727 4514 1760 4564 a
1787 4511 1958 4564 immo
1992 4512 2064 4564 M
2207 4515 2274 4564 26
2313 4511 2542 4566 tubures
2573 4511 2658 4578 M,
2688 4512 2916 4566 tuberos

615 4594 692 4658 L,
740 4591 964 4644 tuberes
1002 4592 1096 4645 rel.
1127 4599 1176 4645 et
1210 4591 1350 4657 edd„
1386 4591 1424 4643 i.
1455 4590 1672 4644 boletos
1709 4607 1778 4644 ss.
1811 4594 1871 4644 in
1909 4611 1934 4646 ε
