3259 5209
590 364 723 428 200
1291 365 1345 419 C.
1388 366 1701 420 SVETONI
1738 367 2185 432 TRANQVIL-Ll

590 526 842 592 hostem
891 528 1083 591 etiam
1130 529 1497 612 frequenter
1545 552 1798 595 caesum
1847 553 1920 594 ac
1967 534 2223 615 penitus
2262 534 2330 595 in
2368 534 2627 596 intimas
2666 533 2887 597 solitu-

595 634 772 697 dines
820 638 1034 698 actum
1081 657 1213 699 non
1257 637 1436 718 prius
1478 636 1726 701 destitit
1761 638 2031 720 insequi,
2069 661 2261 721 quam
2301 642 2544 722 species
2582 639 2891 703 barbarae

596 741 881 804 mulieris
930 740 1211 806 humana
1257 743 1532 826 amplior
1576 744 1889 809 uictorem
1939 745 2199 810 tendere
2238 747 2406 809 ultra
2445 768 2736 810 sermone
2774 745 2893 808 La-

524 861 556 910 8
595 847 732 910 tino
795 846 1243 930 prohibuisset.
1345 871 1502 932 quas
1565 850 1647 913 ob
1710 873 1811 915 res
1881 851 2116 916 ouandi
2186 853 2285 916 ius
2347 857 2411 916 et
2474 851 2897 934 triumphalia

597 959 969 1018 ornamenta
1025 957 1338 1040 percepit3
1396 978 1469 1020 ac
1524 961 1673 1040 post
1729 961 2092 1040 praeturam
2150 959 2488 1023 confestim
2534 959 2697 1021 inito
2748 981 2897 1023 con·
2958 983 2987 1022 ε

597 1061 810 1124 sulatu
858 1066 1051 1144 atque
1093 1062 1500 1145 expeditione
1537 1065 1810 1147 repetita
1849 1087 2219 1148 supremum
2259 1065 2427 1130 diem
2466 1065 2692 1130 morbo
2734 1065 2901 1129 obiit

597 1167 665 1230 in
713 1169 974 1231 aestiuis
1025 1171 1265 1252 castris,
1314 1192 1475 1253 quae
1523 1193 1600 1234 ex
1649 1193 1723 1235 eo
1774 1168 2097 1236 Scelerata-
2144 1176 2293 1235 sunt
2340 1173 2677 1256 appellata.
2764 1193 2902 1236 cor-

600 1295 723 1357 pus
771 1275 904 1338 eius
949 1298 1064 1358 per
1099 1276 1597 1359 municipiorum
1640 1278 2162 1360 coloniarumque
2200 1279 2512 1361 primores
2552 1279 2901 1362 suscipien-

602 1381 774 1445 tibus
825 1381 1034 1445 obuiis
1084 1381 1434 1446 scribarum
1479 1383 1751 1447 decuriis
1791 1384 1871 1447 ad
1908 1384 2131 1449 urbem
2172 1384 2509 1450 deuectum
2548 1387 2901 1468 sepultum—

605 1509 729 1571 que
777 1493 874 1552 est
927 1489 995 1552 in
1053 1510 1280 1572 campo
1329 1487 1580 1552 Martio.
1667 1493 1946 1553 ceterum
2006 1491 2322 1554 exercitus
2378 1491 2794 1555 honorarium
2844 1492 2902 1554 ei
2935 1519 2995 1556 ιο

604 1596 928 1658 tumulum
977 1596 1310 1676 excitauit,
1372 1597 1538 1658 circa
1585 1617 1776 1678 quem
1834 1596 2134 1679 deinceps
2191 1601 2358 1661 stato
2409 1597 2509 1660 die
2556 1598 2903 1684 quotannis

605 1703 791 1765 miles
850 1701 1209 1766 decurreret
1266 1699 1743 1785 Galliarumque
1791 1703 2085 1766 ciuitates
2141 1703 2401 1786 publice
2448 1703 2903 1788 supplicarent.

607 1812 938 1891 praeterea
985 1812 1242 1873 senatus
1289 1808 1456 1871 inter
1498 1809 1624 1889 alia
1664 1810 1995 1892 complura
2033 1831 2462 1874 marmoreum
2502 1831 2718 1874 arcum
2758 1833 2905 1874 cum

609 1917 890 2000 tropaeis
930 1915 1036 1979 uia
1064 1915 1280 1999 Appia
1317 1914 1600 1979 decreuit
1640 1919 1703 1980 et
1733 1913 2093 1980 Germanici
2134 1938 2490 2001 cognomen
2528 1917 2654 2001 ipsi
2693 1924 2907 2001 poste-

537 2035 568 2080 4
606 2023 822 2106 risque
871 2023 1020 2086 eius.
1107 2022 1305 2086 fuisse
1353 2026 1567 2086 autem
1615 2022 1896 2085 creditur
1949 2044 2080 2085 non
2126 2023 2338 2087 minus
2393 2026 2663 2109 gloriosi
2712 2047 2905 2108 quam
2940 2050 2995 2089 15

611 2131 820 2195 ciuilis
882 2130 1108 2214 animi3
1166 2151 1316 2192 nam
1378 2152 1456 2193 ex
1515 2129 1702 2192 hoste
1764 2151 1955 2212 super
2012 2128 2316 2193 uictorias
2378 2130 2597 2212 opima
2652 2153 2910 2214 quoque

613 2237 820 2320 spolia
877 2241 1166 2320 captasse
1223 2257 1602 2318 summoque
1671 2235 1923 2318 saepius
1982 2234 2346 2299 discrimine
2404 2236 2595 2301 duces
2654 2235 2911 2302 Germa·

571 2327 843 2407 'norum
892 2347 1033 2406 tota
1079 2343 1212 2406 acie
1259 2343 1637 2425 insectatus3
1692 2363 1811 2406 nec
1859 2342 2293 2406 dissimulasse
2339 2364 2649 2426 umquam
2696 2346 2911 2427 pristi-

611 2472 770 2514 num
819 2472 884 2513 se
931 2449 1022 2514 rei
1070 2472 1129 2532 p.
1171 2453 1428 2529 sta-tum,
1477 2448 1861 2532 quandoque
1906 2453 2151 2532 posset,
2196 2449 2661 2514 restituturum.
2744 2453 2912 2515 unde

617 2556 914 2621 existimo
980 2555 1326 2619 nonnullos
1392 2556 1643 2619 tradere
1709 2577 1917 2638 auSOS,
1960 2560 2349 2648 ,suspectum
2408 2578 2555 2620 eum
2610 2557 2910 2644 Augusto
2940 2583 2995 2622 ιο

619 2669 1115 2745 reuocatumque
1172 2685 1249 2726 ex
1307 2663 1644 2746 prouincia
1690 2667 1755 2726 et
1801 2663 1951 2745 quia
1999 2666 2429 2745 cunctaretur,
2484 2663 2911 2748 interceptum

550 2778 579 2825 5
621 2792 884 2836 ueneno,
989 2770 1161 2853 quod
1231 2768 1526 2852 equidem
1599 2769 1803 2854 magis
1872 2791 1950 2833 ne
2023 2771 2600 2852 praetermitterem
2674 2771 2914 2852 rettuli,

620 2900 812 2961 quam
854 2879 1005 2961 quia
1040 2898 1267 2940 uerum
1315 2881 1428 2939 aut
1465 2877 1601 2939 ueri
1641 2875 1849 2939 simile
1885 2880 2128 2959 putem,
2177 2898 2323 2940 cum
2361 2875 2697 2962 Augustus
2734 2883 2913 2941 tanto

622 3007 814 3069 opere
861 2989 924 3048 et
971 2983 1194 3047 uiuum
1243 2983 1553 3065 dilexerit,
1600 2986 1674 3045 ut
1720 2982 2093 3047 coheredem
2142 3005 2393 3065 semper
2438 2983 2590 3048 filiis
2628 2985 2917 3048 institue-

620 3093 725 3174 rit,
771 3091 938 3155 sicut
985 3090 1308 3174 quondam
1356 3091 1424 3153 in
1480 3094 1705 3152 senatu
1752 3089 2079 3172 professus
2127 3093 2251 3172 est,
2298 3093 2360 3152 et
2408 3089 2781 3155 defunctum
2829 3093 2917 3154 ita
2942 3115 2991 3154 25

621 3220 740 3284 pro
779 3198 1078 3262 contione
1115 3196 1491 3277 laudauerit‚
1530 3200 1601 3259 ut
1641 3195 1791 3258 deos
1828 3205 2125 3278 precatus
2165 3198 2265 3278 sit,
2304 3197 2601 3260 similes
2640 3196 2706 3261 ei
2742 3195 2913 3261 Cae—

627 3326 832 3370 sares
881 3327 1056 3368 suos
1093 3305 1438 3368 facerent
1477 3302 1782 3385 sibique
1828 3309 1979 3365 tam
2018 3301 2422 3367 honestum
2462 3304 2917 3386 quandoque

628 3412 914 3475 exitum
947 3411 1215 3474 darent
1246 3431 1463 3492 quam
1495 3409 1617 3472 illi
1649 3408 2054 3472 dedissent.
2121 3431 2237 3473 nec
2267 3414 2605 3473 contentus
2635 3409 2917 3492 elogium

627 3518 878 3581 tumulo
927 3519 1062 3580 eius
1103 3516 1391 3580 uersibus
1431 3538 1467 3578 a
1509 3539 1575 3579 se
1613 3516 1990 3599 compositis
2039 3515 2471 3599 insculpsisse‚
2516 3516 2708 3580 etiam
2748 3517 2919 3579 uitae

630 3625 1004 3689 memoriam
1051 3646 1243 3706 prosa
1291 3623 1580 3686 oratione
1629 3622 2008 3706 composuit.
2947 3647 2997 3687 ω

561 3753 592 3800 6
811 3730 910 3793 Ex
951 3730 1238 3793 Antonia
1273 3730 1518 3793 minore
1557 3731 1917 3812 complures
1950 3729 2206 3811 quidem
2236 3729 2471 3793 liberos
2501 3729 2670 3811 tulit,
2700 3751 2919 3793 uerum

631 3843 761 3901 tres
810 3838 1072 3901 omnino
1119 3837 1405 3920 reliquit:
1447 3835 1913 3918 Germanicum,
1960 3835 2281 3916 Liuillam,
2330 3834 2682 3899 Claudium.

780 4019 844 4066 10
882 4015 950 4079 cf.
992 4013 1224 4080 Eum-op.
1264 4012 1376 4065 VII
1405 4015 1488 4075 13,
1514 4017 1540 4063 1
1587 4011 1769 4072 Drusi,
1811 4011 1908 4078 qui
1948 4012 2098 4078 apud
2137 4010 2558 4080 Mogontiacum
2596 4026 2919 4062 monumen-

633 4097 754 4148 tum
791 4093 979 4147 habet.

783 4260 808 4306 7
852 4254 1122 4308 scelerato
1155 4255 1228 4306 M
1335 4257 1364 4304 9
1405 4251 1624 4304 decuris
1664 4251 1799 4305 Roth
1914 4258 1972 4305 11
2007 4255 2221 4304 statuto
2256 4251 2607 4305 GRL'POT
2714 4257 2779 4302 14
2808 4267 2923 4318 ger-

637 4335 790 4388 mani
823 4335 1002 4388 MGL
1205 4339 1268 4384 15
1308 4331 1563 4400 generosi
1604 4333 1837 4399 Boetley
2054 4331 2240 4382 ciuilis
2278 4347 2447 4398 quam
2486 4329 2717 4400 gloriosi
2756 4331 2926 4383 PoIaL·

641 4421 706 4468 16
745 4415 963 4483 optima
1004 4414 1051 4467 G
1166 4418 1228 4465 17
1271 4429 1484 4465 summo
1525 4412 1701 4466 Pozak
1812 4415 1876 4463 18
1917 4411 2216 4479 pristinum
2246 4429 2345 4464 om.
2382 4412 2429 4464 G
2540 4415 2609 4462 ⁶20
2646 4410 2847 4477 estimo
2878 4409 2925 4463 G

641 4502 705 4548 22
727 4512 797 4548 ne
821 4493 1043 4566 (quid)
1068 4493 1242 4547 Pozak
1345 4499 1408 4544 25
1441 4496 1498 4545 et
1526 4509 1624 4544 om.
1652 4491 1833 4545 MGX
1949 4498 2013 4543 29
2046 4490 2388 4559 exculpsisse
2410 4495 2465 4544 X
2562 4495 2629 4542 32
2658 4488 2857 4542 liuiam
2878 4489 2927 4542 G
