3259 5209
596 311 728 375 270
986 310 1042 365 C.
1083 311 1398 366 SVETONI
1435 311 1882 377 TRANQVILLI
1919 312 2116 367 NERO
2155 324 2287 373 [car.
2317 328 2383 368 58.
2411 325 2481 374 5⁹1]

596 474 923 540 sacrificiis
970 475 1178 540 colere
1224 478 1659 559 perseuerauit
1704 474 2090 559 uolebatque
2138 476 2307 540 credi
2350 477 2704 541 monitione
2752 478 2900 540 eius
2988 466 3002 472 ’

593 581 811 645 futura
851 603 1284 665 praenoscere.
1359 586 1506 646 ante
1543 602 1784 666 paucos
1823 604 2014 666 quam
2054 583 2292 666 periret
2328 604 2577 647 menses
2615 582 2905 646 attendit

595 692 660 752 et
706 689 1040 772 extispicio
1088 710 1205 752 nec
1250 710 1556 772 umquam
1605 688 1837 754 litauit.

491 791 579 857 57
774 794 951 859 Obiit
996 796 1365 860 tricensimo
1413 799 1479 859 et
1526 795 1804 860 secundo
1853 797 2084 860 aetatis
2129 819 2315 874 anno,
2363 795 2464 860 die
2512 819 2641 880 quo
2689 817 2897 879 quon·

595 901 740 965 dam
789 900 1125 966 Octauiam
1173 904 1599 986 interemerat,
1645 907 1892 966 tantum
1901 925 2023 986 que
2072 903 2378 988 gaudium
2415 903 2675 987 publice
2711 925 2895 988 prae-
2967 929 3005 964 ε»

594 1008 754 1086 buit,
809 1013 883 1072 ut
935 1009 1117 1093 plebs
1172 1008 1435 1093 pilleata
1489 1014 1628 1072 tota
1684 1010 1838 1075 urbe
1895 1010 2295 1075 discurreret.
2379 1015 2443 1075 et
2499 1015 2714 1074 tamen
2762 1032 2898 1073 non

595 1115 934 1179 defuerunt
981 1119 1091 1199 qui
1139 1139 1254 1200 per
1297 1116 1566 1201 longum
1614 1121 1869 1199 tempus
1916 1118 2133 1180 uernis
2186 1117 2575 1200 aestiuisque
2623 1115 2895 1180 floribus

593 1222 915 1287 tumulum
972 1224 1108 1287 eius
1175 1223 1477 1287 ornarent
1541 1244 1615 1286 ac
1676 1221 1880 1310 :modo
1946 1225 2260 1309 imagines
2326 1227 2759 1307 praetextatas
2825 1225 2900 1288 in

593 1331 817 1393 rostris
865 1330 1243 1414 proferrent,
1288 1329 1477 1394 modo
1527 1330 1737 1394 edicta
1782 1330 1964 1413 quasi
2010 1332 2291 1394 uiuentis
2330 1334 2395 1394 et
2434 1329 2614 1393 breui
2653 1351 2897 1415 magno

523 1448 555 1496 2
596 1435 1002 1500 inimicorum
1059 1435 1229 1500 malo
1287 1437 1620 1500 reuersuri.
1707 1437 1864 1518 quin
1920 1438 2111 1500 etiam
2160 1436 2562 1521 Vologaesus
2620 1435 2895 1500 Partho-
2929 1460 2993 1499 ιο

595 1563 738 1605 rum
793 1565 906 1606 rex
961 1543 1174 1607 missis
1230 1542 1309 1606 ad
1364 1546 1656 1606 senatum
1714 1541 1943 1627 legatis
2000 1543 2079 1606 de
2124 1542 2538 1607 instauranda
2585 1545 2896 1607 societate

594 1647 718 1711 hoc
764 1649 958 1712 etiam
1005 1671 1240 1734 magno
1291 1671 1480 1732 opere
1518 1651 1745 1732 orauit,
1783 1654 1855 1712 ut
1891 1648 2170 1713 Neronis
2211 1650 2516 1714 memoria
2554 1638 2892 1714 coleretur.

596 1754 870 1838 denique
934 1778 1078 1820 cum
1151 1761 1299 1840 post
1358 1755 1592 1842 uiginti
1669 1779 1870 1820 annos
1936 1756 2339 1821 adulescente
2408 1778 2509 1820 me
2576 1757 2896 1820 extitisset

595 1863 987 1927 condicionis
1034 1863 1312 1927 incertae
1361 1863 1470 1945 qui
1520 1884 1586 1926 se
1632 1862 1954 1926 Neronem
2006 1884 2143 1927 esse
2192 1865 2484 1946 iactaret,
2530 1866 2663 1925 tam
2712 1863 2893 1927 fauo-

593 1967 794 2032 rabile
841 1990 1074 2034 nomen
1123 1970 1259 2034 eius
1307 1969 1477 2052 apud
1523 1968 1798 2033 Parthos
1855 1968 2005 2051 suit,
2052 1974 2124 2033 ut
2170 1971 2585 2033 uehementer
2631 1969 2891 2034 adiutus
2925 1993 2982 2031 ιε

595 2079 660 2139 et
705 2077 817 2139 uix
861 2076 1147 2140 redditus
1195 2078 1293 2141 sit.

740 2274 770 2320 3
810 2271 1042 2337 Eutrop.
1078 2270 1199 2323 VII
1223 2275 1308 2333 15,
1330 2273 1362 2321 3
1411 2267 1554 2321 obiit
1600 2268 1883 2321 tricesimo
1931 2271 1988 2321 et
2035 2267 2211 2322 altero
2266 2268 2471 2321 aetatis
2526 2285 2672 2321 anno
2712 2269 2890 2334 (Hier.

594 2349 774 2401 chron.
807 2367 858 2401 α.
886 2352 1036 2401 2084
1075 2365 1222 2401 anno
1260 2349 1464 2402 aetatis
1494 2348 1732 2417 XXXII).
1789 2348 1945 2416 Epit.
1978 2354 2028 2415 5,
2049 2354 2087 2402 8
2131 2348 2304 2415 periit
2350 2364 2497 2401 anno
2546 2348 2753 2401 aetatis
2791 2349 2893 2401 tri-

596 2427 800 2480 cesimo
839 2428 1098 2481 secundo.
1272 2436 1306 2480 4
1344 2429 1500 2496 Epit.
1523 2434 1573 2494 5,
1595 2432 1631 2482 9
1670 2432 1916 2481 ceterum
1953 2428 2096 2482 adeo
2135 2431 2369 2481 cunctae
2405 2428 2734 2496 prouinciae
2773 2444 2893 2481 om-

595 2506 793 2575 nisque
845 2508 1023 2561 Roma
1073 2508 1307 2561 interitu
1360 2509 1479 2562 eius
1531 2507 1835 2574 exultauit,
1881 2510 1947 2559 ut
1992 2507 2152 2576 plebs
2200 2507 2400 2560 induta
2447 2507 2636 2576 pilleis
2676 2507 2891 2577 (palliis

597 2588 883 2656 Landolf.)
902 2589 1405 2641 manumissionum
1423 2591 1716 2656 tamquam
1735 2603 1904 2641 saeuo
1925 2590 2185 2657 exempta
2205 2588 2431 2641 domino
2450 2588 2843 2657 triumpharet.

597 2673 628 2719 9
666 2668 822 2736 Epic.
855 2674 914 2734 5,
943 2673 981 2721 8
1027 2669 1175 2722 hunc
1211 2668 1415 2722 Persae
1460 2669 1520 2721 in
1565 2670 1789 2721 tantum
1837 2667 2176 2734 dilexerunt,
2224 2670 2290 2721 ut
2334 2668 2553 2737 legatos
2600 2669 2892 2722 mitterent

595 2751 818 2801 orantes
858 2747 1078 2817 copiam
1115 2748 1473 2803 construendi
1509 2747 1873 2801 monumenti.

741 2935 766 2981 1
791 2929 1036 2981 motione
1061 2928 1112 2981 G
1257 2934 1287 2979 4
1309 2928 1596 2997 trigesimo
1615 2910 1678 2975 1⁰1.
1700 2929 1820 2995 (om.
1844 2929 1920 2993 et)
1945 2928 1996 2979 G
2140 2926 2318 2979 altero
2330 2927 2564 2995 Eutrop.
2678 2934 2708 2978 5
2731 2943 2893 2994 prae-

595 3008 745 3079 buit]
774 3007 883 3060 fuit
905 3009 1072 3074 POT,
1110 3007 1361 3077 p(opulo)
1393 3008 1455 3060 R..
1487 3007 1598 3060 fuit
1623 3007 1761 3061 (hod.
1879 3012 1942 3057 10
1972 3005 2308 3073 uologaosus
2330 3007 2499 3073 POT,
2541 3023 2731 3075 -gesus
2769 3007 2895 3060 ΊἸΔ3

599 3095 659 3140 11
704 3087 956 3141 emissis
989 3088 1169 3140 MLP
1312 3094 1376 3140 13
1415 3108 1502 3141 xx.
1537 3087 1807 3141 GTLPT

517 3225 523 3233 ,
738 3169 937 3222 subscr.
978 3186 1022 3221 c.
1063 3168 1281 3221 suetoni
1320 3167 1615 3235 tranquilli
1655 3167 1723 3219 de
1761 3166 1885 3218 uita
1923 3183 2207 3219 caesarum
2250 3165 2448 3234 explic.
2479 3182 2631 3220 ner0.
2690 3166 2895 3234 incipit

595 3249 767 3316 galba
806 3247 1048 3300 feliciter
1078 3249 1150 3299 M
1183 3256 1230 3300 et
1267 3251 1386 3301 sim.
1419 3250 1532 3302 HR
1566 3245 1830 3315 (feliciter
1867 3263 1965 3300 om.
2000 3247 2072 3314 R)
2229 3245 2461 3314 explicit
2499 3262 2649 3300 nero.
2690 3247 2895 3314 incipit

597 3327 766 3397 galba
785 3328 930 3380 liber
959 3327 1228 3395 septimus
1249 3327 1491 3379 feliciter
1515 3327 1560 3395 Q
1670 3343 1801 3379 nero
1823 3326 2069 3394 explicit.
2102 3327 2304 3394 incipit
2331 3325 2503 3394 galba
2524 3325 2769 3380 feliciter
2792 3328 2840 3379 G

597 3407 829 3475 explicit
865 3407 960 3459 lib.
991 3407 1080 3460 VI.
1127 3407 1328 3473 incipit
1368 3406 1436 3459 de
1473 3406 1644 3475 galba
1681 3405 1778 3459 lib.
1810 3405 1911 3459 VII
1943 3405 2039 3459 LS
2074 3405 2162 3473 (de
2201 3404 2372 3474 galba
2400 3422 2499 3459 om.
2533 3406 2600 3473 S)
2736 3408 2896 3460 nulla

595 3489 796 3540 subscr.
827 3488 884 3538 in
919 3490 972 3541 P
