3259 5209
638 437 767 502 150
1328 435 1384 491 C.
1426 437 1740 493 SVETONI
1777 437 2220 503 TRANQVILLI

627 605 1058 685 nepotemque
1106 623 1291 666 suum
1349 625 1427 666 ex
1474 600 1687 666 Druso
1733 600 1870 666 filio
1917 601 2275 666 naturalem
2335 601 2414 665 ad
2459 599 2934 664 successionem

629 708 887 791 imperii
936 709 1358 772 confirmaret.

524 812 619 878 56
810 813 1035 879 Nihilo
1092 814 1298 879 lenior
1352 815 1417 879 in
1474 817 1873 881 conuictores
1924 814 2300 899 Graeculos,
2355 814 2590 898 quibus
2647 812 2750 877 uel
2796 835 2936 876 ma-

629 921 799 986 xime
864 922 1343 1006 adquiescebat,
1405 921 1738 987 Xenonem
1806 923 2121 1005 quendam
2189 921 2572 1006 exquisitius
2627 921 2930 984 sermoci-

627 1032 888 1093 nantem
928 1049 1073 1092 cum
1112 1029 1588 1115 interrogasset,
1637 1051 1948 1113 quaenam
1987 1029 2100 1093 illa
2135 1035 2269 1094 tam
2307 1028 2580 1092 molesta
2615 1026 2930 1090 dialectos
2997 1047 3030 1088 ⁵

626 1139 813 1217 esset,
868 1139 932 1198 et
987 1134 1096 1199 ille
1151 1137 1585 1219 respondisset
1639 1137 1974 1219 Doridem,
2029 1135 2343 1221 relegauit
2389 1132 2740 1216 Cinariam,
2795 1133 2930 1197 exi-

626 1243 895 1306 stimans
970 1242 1425 1326 exprobratum
1493 1244 1616 1307 sibi
1681 1248 1962 1307 ueterem
2027 1264 2378 1327 secessum,
2452 1241 2626 1326 quod
2689 1240 2930 1304 Dorice

626 1347 866 1412 Rhodii
930 1347 1293 1433 loquantur.
1388 1351 1542 1413 item
1606 1371 1753 1414 cum
1819 1348 2052 1414 soleret
2115 1369 2194 1412 ex
2257 1348 2536 1414 lectione
2599 1346 2930 1412 cotidiana.

626 1455 1032 1540 quaestiones
1081 1478 1271 1539 super
1316 1477 1535 1520 cenam
1583 1478 1945 1540 proponere
1989 1456 2535 1541 comperissetque
2582 1453 2926 1518 Seleucum

626 1563 1117 1647 grammaticum
1167 1585 1205 1626 a
1251 1563 1559 1628 ministris
1606 1564 1739 1628 suis
1793 1562 2189 1646 perquirere,
2246 1583 2407 1646 quos
2460 1583 2718 1646 quoque
2765 1565 2928 1624 tem-
2965 1582 3028 1621 ιο

625 1690 781 1752 pore
826 1673 1129 1734 tractaret
1165 1673 1473 1752 auctores,
1520 1675 1713 1753 atque
1753 1671 1846 1734 ita
1879 1674 2330 1753 praeparatum
2367 1668 2606 1751 uenire,
2642 1667 2924 1751 primum

628 1797 665 1838 a
710 1775 1132 1840 contubernio
1179 1777 1475 1860 remouit,
1522 1777 1748 1840 deinde
1795 1778 1989 1840 etiam
2036 1776 2116 1840 ad
2163 1780 2438 1839 mortem
2485 1772 2815 1858 compulit.

523 1880 614 1946 57
813 1880 1017 1946 Saeua
1061 1905 1134 1946 ac
1178 1885 1353 1947 lenta
1398 1888 1625 1947 natura
1671 1906 1752 1948 ne
1798 1885 1865 1948 in
1911 1905 2110 1966 puero
2159 1883 2416 1966 quidem
2462 1881 2678 1946 latuit:
2727 1902 2922 1965 quam

626 1985 1009 2053 Theodorus
1059 1987 1381 2056 Gadareus
1427 1989 1782 2056 rhetoricae
1827 1995 2207 2075 praeceptor
2251 1995 2316 2053 et
2351 1989 2754 2073 perspexisse
2795 1989 2924 2071 pri-

626 2116 767 2160 mus
816 2096 1132 2182 sagaciter
1186 2101 1250 2160 et
1304 2096 1714 2161 assimulasse
1771 2097 2103 2182 aptissime
2148 2097 2328 2161 uisus
2376 2101 2493 2179 est,
2537 2093 2805 2158 subinde
2853 2095 2919 2158 in
2965 2116 3024 2156 ω

627 2202 1026 2287 obiurgando
1074 2202 1403 2287 appellans
1456 2225 1602 2267 eum
1649 2204 1864 2286 πηλὸν
1911 2203 2133 2284 αἵματι
2178 2200 2668 2286 πεφυραμένον,
2713 2201 2779 2264 id
2825 2207 2924 2265 est

624 2308 835 2372 lutum
884 2331 921 2372 a
968 2310 1277 2394 sanguine
1333 2313 1743 2374 maceratum.
1829 2309 1938 2373 sed
1998 2309 2328 2393 aliquanto
2379 2309 2586 2394 magis
2631 2309 2700 2372 in
2745 2309 2921 2392 prin—

627 2415 768 2499 cipe
814 2415 1047 2499 eluxit,
1104 2417 1294 2479 etiam
1345 2416 1511 2480 inter
1560 2416 1745 2479 initia
1800 2438 1946 2479 cum
1992 2415 2201 2479 adhuc
2247 2415 2536 2480 fauorem
2582 2414 2916 2478 hominum

556 2537 587 2584 2
628 2521 1083 2586 moderationis
1131 2522 1540 2587 simulatione
1586 2527 1886 2606 captaret.
1970 2544 2272 2604 scurram,
2319 2522 2430 2605 qui
2477 2526 2920 2606 praetereunte

624 2628 846 2692 funere
912 2629 1080 2694 clare
1141 2633 1396 2695 mortuo
1463 2630 1826 2712 mandarat,
1880 2633 1955 2694 ut
2011 2629 2337 2694 nuntiaret
2382 2626 2683 2714 Augusto
2738 2649 2920 2692 non·
2951 2649 3016 2688 ει)

624 2735 795 2801 dum
850 2735 1064 2800 reddi
1108 2735 1365 2822 legata
1402 2757 1589 2820 quae
1628 2736 1882 2820 plebei
1925 2735 2401 2820 reliquisset,
2442 2735 2800 2800 adtractum
2837 2735 2920 2798 ad

624 2863 692 2906 se
731 2843 1009 2926 recipere
1057 2842 1343 2908 debitum
1386 2844 1663 2926 ducique
1707 2842 1787 2906 ad
1825 2842 2212 2927 supplicium
2253 2843 2596 2927 imperauit
2641 2847 2707 2907 et
2749 2841 2918 2926 patri

626 2971 743 3014 suo
790 2971 1015 3014 uerum
1070 2950 1321 3014 referre.
1404 2971 1523 3014 nec
1566 2950 1776 3013 multo
1830 2953 1982 3032 post
2037 2949 2103 3012 in
2161 2953 2386 3013 senatu
2429 2949 2740 3033 Pompeio
2786 2949 2918 3013 cui-

630 3057 777 3120 dam
840 3057 1044 3140 equiti
1108 3055 1182 3120 R.
1240 3057 1543 3140 quiddam
1608 3057 2015 3142 perneganti,
2080 3057 2231 3120 dum
2297 3056 2556 3121 uincula
2619 3058 2918 3139 minatur,

630 3163 981 3227 affirmauit
1018 3165 1155 3229 fore
1202 3168 1284 3228 ut
1320 3186 1407 3228 ex
1446 3162 1808 3247 Pompeio
1848 3162 2353 3247 Pompeianus
2390 3163 2646 3245 fieret,
2692 3161 2916 3226 acerba
2947 3183 3010 3223 25

630 3270 1039 3334 cauillatione
1098 3271 1288 3334 simul
1334 3270 1615 3335 hominis
1664 3292 1896 3333 nomen
1952 3269 2273 3334 incessens
2319 3273 2730 3353 ueteremque
2777 3291 2916 3352 par-

523 3371 614 3438 58
631 3377 794 3441 tium
843 3377 1187 3442 fortunam.
1272 3376 1388 3441 sub
1435 3377 1605 3441 idem
1653 3381 1908 3460 tempus
1947 3377 2319 3441 consulente
2357 3380 2650 3460 praetore
2697 3397 2778 3438 an
2825 3375 2917 3438 iu-

629 3483 796 3546 dicia
824 3484 1176 3547 maiestatis
1198 3484 1341 3570 cogi
1371 3483 1640 3566 iuberet,
1669 3484 2127 3547 exercendas
2155 3504 2319 3546 esse
2347 3483 2557 3569 leges
2586 3482 2918 3566 respondit

628 3593 693 3653 et
737 3590 1133 3655 atrocissime
1181 3592 1480 3656 exercuit.
1566 3594 1815 3654 statuae
1863 3590 2125 3672 quidam
2172 3589 2452 3676 Augusti
2509 3594 2702 3674 caput
2749 3589 2916 3652 dem—

771 3771 802 3817 4
842 3765 1117 3819 Zenonem
1158 3783 1190 3824 ς
1230 3767 1420 3834 (uuly.)
1601 3771 1631 3816 6
1675 3763 1960 3831 cynariam
1991 3765 2112 3830 LP,
2161 3779 2427 3832 cynaram
2465 3764 2573 3832 (uel
2609 3765 2748 3834 cin-)
2777 3781 2918 3833 pars

626 3845 744 3899 edd.
768 3853 895 3914 post
916 3847 1129 3900 Bonon.
1162 3865 1215 3900 α.
1239 3850 1399 3906 1488,
1432 3845 1760 3912 &Aenariam
1789 3861 1822 3903 ς
1852 3844 1950 3912 (ed.
1983 3845 2161 3897 Basil.
2185 3849 2348 3912 1533)
2459 3849 2490 3898 9
2530 3843 2915 3912 comperisset-

627 3941 734 3992 que
755 3926 804 3980 G
818 3925 1112 3992 VL²PSR‚
1134 3925 1495 3994 comperisset
1513 3925 1681 3987 ML1,
1702 3928 1759 3977 et
1778 3924 2138 3992 comperisset
2148 3926 2207 3976 H
2211 3924 2404 3993 QTA'd
2420 3923 2606 3992 (Roth)
2693 3928 2758 3977 10
2778 3939 2916 3992 quo-

626 4007 756 4076 que]
788 4023 895 4074 que
920 4006 972 4058 V
1113 4011 1178 4059 14
1218 4005 1485 4060 cadareus
1526 4005 1702 4071 (xcath—
1730 4006 1799 4072 T)
1822 4006 1890 4070 Ω,
1929 4003 2079 4057 Gad-
2099 4005 2341 4072 primum
2373 4004 2478 4074 leyi
2505 4005 2568 4058 in
2593 4006 2673 4060 ed.
2705 4021 2916 4074 anony—

626 4103 717 4141 ma
755 4091 825 4154 (a.
859 4087 1062 4155 1472?)
1102 4092 1150 4140 et
1190 4087 1247 4138 in
1287 4087 1365 4139 ed.
1402 4103 1452 4138 a.
1485 4090 1631 4138 1480
1816 4091 1879 4137 15
1920 4082 2255 4137 assimilasse
2289 4086 2362 4138 M
2540 4090 2603 4138 16
2643 4083 2702 4138 id
2741 4087 2914 4138 est—

626 4169 967 4220 maceratum
998 4168 1097 4220 del.
1118 4167 1199 4220 ed.
1228 4167 1379 4218 lunt.
1410 4183 1462 4219 a.
1487 4171 1629 4218 1510
1742 4171 1806 4218 19
1835 4167 2225 4233 praetereunte
2259 4161 2413 4218 MX‘
2517 4170 2584 4218 20
2621 4164 2790 4218 funus
2818 4169 2878 4218 Χ
2879 4167 2914 4234 '‚

626 4246 809 4300 funeri
846 4253 897 4302 et
931 4265 999 4301 88.
1030 4247 1061 4299 *l
1098 4247 1291 4299 funere
1320 4245 1399 4299 L²
1438 4247 1554 4312 (hoc
1590 4246 1752 4298 etiam
1791 4262 1856 4299 88.
1889 4247 1950 4298 in
1981 4249 2045 4298 S)
2229 4243 2401 4315 clare]
2433 4247 2592 4313 patre
2625 4246 2684 4308 V,
2733 4263 2832 4300 om.
2863 4251 2922 4299 X

628 4328 776 4394 (add.
800 4327 985 4396 L²S2)‚
1025 4327 1097 4379 ad
1138 4342 1327 4379 aurem
1348 4326 1418 4378 R.
1442 4325 1620 4394 Unyer
1765 4325 2056 4377 nuntiarat
2087 4327 2156 4379 M
2301 4332 2364 4377 :21
2406 4323 2621 4392 plebeis
2653 4325 2720 4388 G,
2761 4325 2914 4394 plebi

628 4407 766 4460 11¹1(
799 4409 887 4474 (cf.
918 4427 979 4476 p.
1012 4411 1133 4473 149,
1155 4410 1211 4476 8)
1360 4411 1423 4457 22
1466 4404 1689 4471 dicique
1721 4407 1794 4458 M
1931 4409 1995 4458 ut
2017 4437 2080 4444 —-
2103 4405 2334 4458 referret
2363 4406 2538 4460 Pozak
2683 4411 2752 4459 24
2781 4407 2914 4458 dum

626 4487 685 4540 in
710 4488 761 4542 G
871 4494 936 4540 26
976 4490 1341 4555 ueterumque
1378 4502 1493 4540 cum
1536 4487 1713 4540 codiee
1752 4487 2022 4539 Torrentii
2051 4503 2190 4553 pars
2224 4486 2342 4538 edd.
2374 4485 2560 4554 (Roth)
2671 4491 2739 4539 28
2768 4489 2918 4540 esset

629 4569 830 4638 MVQ¹
977 4575 1043 4621 29
1084 4571 1322 4637 augusto
1356 4566 1451 4621 M¹
