3259 5209
1144 465 1151 469 ’
1187 463 1562 520 VITELLIVS
1602 461 1734 526 [civ.
1757 460 1892 526 i-n·
1969 459 1976 463 ⁴
2549 465 2676 530 297

386 627 720 693 uoluntate
775 627 1034 712 dispari
1070 633 1137 692 et
1189 625 1680 692 existimatione.
1705 649 1732 680 -·
1780 629 1848 692 in
1902 625 2236 713 prouincia
2289 625 2680 716 singularem

385 735 819 800 innocentiam
856 735 1183 820 praestitit
1208 734 1478 812 ¹biennio
1518 732 1917 818 continuate,
1966 756 2112 800 cum
2149 734 2520 800 succedenti
2557 736 2682 800 fra-

384 841 473 906 tri
516 841 771 928 legatus
814 841 1237 927 ‘substitisset3
1283 846 1351 906 at
1396 841 1464 905 in
1510 841 1759 906 urbano
1808 835 2024 906 officio
2063 842 2232 906 dona
2267 847 2460 926 atque
2499 859 2682 906 orna-

384 952 605 1013 menta
630 948 1022 1033 templerum
1051 948 1447 1033 subripuisse
1476 952 1541 1012 et
1558 943 1986 1013 commutasse
2013 949 2326 1032 quaedam
2354 947 2683 1013 ferebatur

328 1078 357 1118 ε
384 1075 631 1139 proque
676 1076 833 1119 auro
881 1059 947 1120 et
991 1059 1259 1140 argento
1307 1059 1618 1142 stagnum.
1657 1060 1722 1119 et
1769 1051 2201 1120 aurichalcum
2249 1055 2678 1140 supposuisse.

564 1159 849 1226 onrem
890 1159 1120 1244 habuit
1163 1160 1535 1226 Petroniam
1580 1159 1938 1226 consularis
1981 1161 2110 1226 uiri
2145 1160 2349 1227 filiam
2385 1166 2451 1226 et
2487 1184 2566 1226 ex
2603 1183 2676 1226 ea
2707 1161 2755 1226 6

385 1268 593 1332 filium
648 1266 1107 1332 Petronianum
1168 1273 1427 1352 captum
1486 1270 1692 1333 altero
1750 1265 1956 1333 oculo,
2056 1269 2230 1334 hunc
2284 1269 2582 1334 heredem
2645 1292 2684 1334 a

386 1377 593 1438 matre
648 1374 767 1439 sub
816 1368 1208 1439 condicione
1232 1376 1623 1458 institutum,
1679 1371 1752 1440 si¹
1781 1374 1858 1439 de
1903 1379 2225 1460 potestate
2268 1376 2476 1460 patris
2523 1377 2682 1440 exis-

387 1484 505 1565 set,
524 1485 747 1545 ··1nanu
782 1481 997 1546 emisit
1034 1481 1360 1565 breuique,
1405 1486 1481 1546 ut
1518 1481 1832 1546 creditum
1871 1486 1988 1566 est,
2033 1483 2379 1566 interemit,
2417 1483 2683 1548 insimu-
2747 1487 2756 1526 ³

306 1587 594 1652 inlatum
640 1588 902 1672 insuper
945 1588 1271 1673 parricidii
1318 1593 1383 1653 et
1430 1588 1611 1674 quasi
1656 1593 1956 1673 paratum
2003 1589 2081 1653 ad
2121 1591 2328 1655 scelus
2364 1611 2684 1656 uenenum

389 1715 467 1758 ex
541 1695 931 1760 conscientia
1001 1693 1373 1760 hausisset.⁴
1445 1694 1630 1760 duxit
1709 1717 1860 1760 mox
1927 1693 2244 1761 Galeriam
2308 1695 2684 1762 Fundanam

388 1801 712 1887 praetorio
781 1805 968 1886 patre
1035 1801 1109 1866 ac
1167 1801 1245 1866 de
1303 1800 1425 1866 hac
1484 1823 1742 1887 quoque
1800 1797 2040 1867 liberos
2099 1803 2438 1888 utriusque
2497 1824 2686 1869 sexus

387 1909 570 1992 tulit,
624 1907 735 1972 sed
788 1930 1031 1972 marem
1089 1909 1439 1973 titubantia
1493 1909 1625 1972 oris
1681 1905 1892 1993 prope·
1931 1914 2182 1974 mutum
2230 1915 2296 1975 et
2341 1911 2684 1998 elinguem.

567 2015 629 2078 A
667 2013 873 2080 Galba
908 2016 978 2079 in
1012 2015 1383 2080 inferiorem
1414 2014 1823 2080 Germaniam
1863 2021 2086 2080 contra
2124 2016 2492 2102 opinionem
2530 2018 2680 2083 mis-
2713 2012 2752 2078 7

312 2147 363 2186 15
390 2144 501 2186 sus
548 2125 661 2186 est.
744 2121 1037 2186 adiutum
1081 2125 1314 2205 putant
1358 2121 1428 2185 Τ.
1460 2121 1615 2186 Vini
1665 2123 1992 2208 suffragiO,
2051 2129 2209 2188 tunc
2252 2125 2686 2209 potentissimi

392 2233 457 2292 et
504 2229 607 2293 cui
630 2231 781 2311 ,iam
826 2228 1071 2313 pridem
1117 2251 1233 2312 per
1279 2249 1696 2294 communem·
1729 2229 2031 2294 factionis
2068 2229 2352 2296 Venetae
2397 2232 2688 2297 fauorem

392 2337 771 2400 conciliatus
818 2339 1013 2419 esset3
1059 2337 1187 2400 nisi
1234 2335 1407 2421 quod
1453 2334 1661 2400 Galba
1704 2358 1857 2420 prae
1903 2359 1972 2400 se
2016 2337 2169 2402 tulit
2212 2339 2428 2404 nullos
2475 2339 2688 2404 minus

392 2443 769 2507 metuendos
824 2464 1017 2527 quam
1064 2443 1176 2526 qui
1223 2442 1299 2506 de
1346 2442 1485 2506 solo
1530 2442 1712 2507 uictu
1759 2444 2135 2530 cogitarent,
2189 2439 2263 2509 ac
2309 2466 2500 2529 posse
2545 2468 2690 2530 pro-

391 2548 779 2614 uincialibus
838 2549 1041 2634 copiis
1099 2549 1484 2634 profundam
1546 2550 1766 2634 gulam
1825 2550 1962 2614 eius
2024 2551 2286 2638 expleri,
2352 2557 2424 2617 ut
2483 2552 2689 2617 cuiuis

312 2678 367 2718 πο
394 2655 655 2720 euidens
734 2657 821 2720 sit
884 2660 1257 2740 contemptu
1320 2657 1528 2743 magis
1593 2679 1784 2741 quam
1853 2658 2064 2741 gratia
2127 2657 2420 2723 electum.
2533 2661 2688 2724 satis
2727 2669 2762 2717 2

393 2766 647 2828 constat
701 2764 952 2828 exituro
1012 2763 1323 2827 uiaticum
1371 2763 1665 2847 defuisse,
1721 2767 1902 2828 tanta
1947 2768 2234 2851 egestate
2278 2765 2371 2830 rei
2417 2767 2688 2830 familia-

394 2870 501 2952 ris,
560 2874 633 2934 ut
690 2891 890 2934 uxore
945 2875 1011 2934 et
1062 2869 1301 2951 liberis,
1361 2892 1525 2953 quos
1574 2869 1815 2934 Romae
1863 2869 2292 2956 relinquebat,
2356 2873 2688 2938 meritorio

394 2975 695 3040 cenaculo
750 2976 985 3040 abditis
1040 2976 1299 3042 domum
1358 2976 1423 3039 in
1482 2977 1799 3059 reliquam
1855 2983 2106 3062 partem
2165 2979 2316 3042 anni
2363 2978 2690 3044 ablocaret

392 3088 596 3166 utque
642 3105 720 3146 ex
768 3105 919 3147 aure
966 3085 1190 3148 matris
1237 3083 1591 3147 detractum
1641 3085 1945 3149 unionem
1991 3079 2433 3171 pignerauerit
2470 3086 2550 3151 ad
2586 3087 2689 3150 iti·
2743 3073 2764 3088 ‘⁵

315 3210 365 3251 π
392 3191 565 3253 neris
620 3190 958 3274 impensas.
1060 3189 1449 3256 creditorum
1510 3189 1769 3274 quidem
1796 3189 2358 3275 'praestolantium
2414 3213 2489 3255 ac
2535 3191 2689 3257 deti-

392 3296 683 3380 nentium
744 3296 1001 3362 turbam
1065 3301 1131 3361 et
1189 3297 1259 3360 in
1316 3297 1397 3361 iis
1458 3295 1882 3362 Sinuessanos
1943 3297 2466 3382 Formianosque,
2533 3322 2691 3382 quo-

396 3425 537 3466 rum
568 3403 827 3486 publiea
853 3403 1198 3489 uectigalia
1225 3404 1695 3488 interuerterat,
1730 3427 1864 3468 non
1891 3405 2016 3469 nisi
2054 3410 2297 3471 terrore
2335 3406 2693 3471 calumniae

396 3509 667 3593 amouit,
737 3531 883 3574 cum
952 3510 1255 3575 libertino
1317 3510 1568 3575 cuidam
1629 3511 1922 3576 acerbius
1982 3511 2271 3577 debitum
2331 3513 2691 3596 reposcenti

396 3615 773 3681 iniuriarum
819 3616 1183 3701 formulam,
1231 3616 1413 3700 quasi
1462 3619 1633 3682 calce
1673 3617 1754 3682 ab
1793 3639 1868 3682 eo
1906 3638 2264 3704 percussus,
2310 3618 2694 3686 intendisset

316 3745 369 3784 so
395 3743 513 3788 nec
558 3723 745 3787 aliter
792 3745 985 3807 quam
1034 3724 1304 3788 extortis
1353 3724 1830 3809 quinquaginta
1876 3727 2189 3790 sestertiis
2235 3728 2602 3791 remisisset.

538 3887 571 3934 2
611 3879 875 3935 continuo
913 3882 1168 3938 B.—Orus.
1354 3885 1384 3932 3
1423 3880 1743 3935 subtitisset
1772 3884 1868 3950 M,
1920 3882 2260 3937 substitutus
2309 3887 2456 3938 esset
2483 3888 2560 3950 X,
2616 3887 2696 3940 sic

400 3961 671 4016 Graevius
724 3963 996 4016 coniciens
1050 3961 1343 4016 decedenti
1390 3977 1499 4030 pro
1553 3961 1876 4016 succedenti
2111 3969 2160 4033 42¹
2197 3964 2608 4018 contaminasse
2642 3965 2694 4019 G

398 4049 429 4094 5
467 4042 751 4095 stamnum
792 4042 861 4107 G,
915 4044 1176 4095 stannum
1214 4041 1331 4101 11¹3
1370 4049 1421 4096 et
1455 4042 1574 4096 edd.
1803 4043 2200 4097 aurochalcum
2238 4041 2581 4113 (-chalchum
2622 4045 2694 4112 G)

400 4121 580 4177 MGL
726 4125 791 4174 10
820 4123 878 4175 et
903 4127 1207 4190 suspectum
1235 4122 1486 4176 Bentleio
1631 4128 1694 4175 11
1727 4122 1919 4177 hausit
1945 4126 2013 4189 X,
2050 4121 2312 4177 habuisse
2343 4125 2406 4176 Π
2539 4122 2695 4193 gale-

394 4202 615 4256 rianam
649 4204 699 4255 ‘P
852 4201 1147 4255 fundatam
1180 4202 1231 4255 G
1404 4207 1469 4256 14
1507 4201 1567 4255 in
1605 4217 1706 4256 om.
1747 4202 2064 4272 111QPS¹N
2073 4203 2088 4234 ²
2237 4205 2303 4256 15
2338 4202 2460 4255 uini
2497 4205 2696 4257 notaui

396 4297 463 4336 ex
488 4283 543 4337 L
570 4284 669 4352 qui
694 4283 757 4336 in
784 4283 991 4338 talibus
1013 4283 1122 4350 fide
1148 4288 1313 4348 caret,
1340 4281 1459 4335 iuni
1484 4281 1690 4349 MPS²‚
1719 4283 1864 4336 iunii
1891 4284 2002 4349 rel„
2031 4299 2167 4338 corr.
2207 4284 2357 4338 Torr.
2389 4283 2477 4352 (cf.
2513 4283 2694 4344 Galba

398 4367 483 4429 14,
509 4365 569 4432 2)
742 4367 811 4416 16
848 4362 927 4434 et]
974 4363 1039 4416 ut
1075 4363 1307 4432 Bentley
1482 4362 1745 4417 factionis
1781 4361 2052 4436 Venetae]
2091 4362 2431 4435 factionisue
2459 4364 2528 4431 L,
2565 4363 2695 4417 inde

395 4441 660 4497 factionis
689 4459 823 4497 suae
851 4444 991 4512 (sue)
1020 4443 1220 4498 POST
1242 4450 1295 4498 et
1320 4459 1355 4502 ς
1384 4443 1621 4512 plurimi
1766 4448 1832 4497 19
1863 4444 2020 4498 cuius
2049 4448 2107 4498 X
2129 4447 2262 4514 (non
2297 4445 2368 4512 T)
2515 4447 2582 4495 20
2621 4442 2698 4497 sit

396 4539 498 4578 om.
532 4521 583 4578 G
706 4528 775 4576 23
812 4522 1089 4577 ablocarit
1115 4524 1361 4593 Bentley,
1402 4522 1692 4577 oblocaret
1718 4524 2020 4578 Sabellicus
2047 4525 2137 4594 (cf.
2165 4526 2277 4579 Iul.
2305 4525 2402 4594 26)
2512 4528 2581 4576 24
2610 4523 2695 4592 pi·

396 4605 659 4674 gneraret
684 4604 752 4657 N
890 4609 957 4658 25
996 4603 1359 4658 creditorium
1389 4606 1465 4658 M
1603 4620 1669 4657 ac
1701 4610 1826 4673 poet
1863 4603 2090 4672 quidem
2129 4605 2257 4660 add.
2293 4605 2344 4660 G
