3259 5209
1059 462 1115 517 C.
1156 461 1518 517 CALIGVLA
1554 472 1686 523 [cu.
1719 473 1894 523 15-171
2473 461 2592 525 171

298 628 695 712 negauitque
724 648 791 690 se
821 625 1213 691 delatoribus
1242 647 1425 690 aures
1444 624 1697 691 habere.
1764 626 2068 710 spintrias
2096 629 2600 690 monstrosarum
2619 622 2708 689 16

298 733 648 797 libidinum
704 753 891 818 aegre
947 754 1027 797 ne
1090 732 1413 818 profundo
1466 737 1784 818 mergeret
1850 737 2150 796 exoratus
2159 783 2176 815 ,
2240 731 2398 797 urbe
2455 731 2602 796 sub-

300 839 529 903 mouit.
632 839 763 903 Titi
820 839 1117 923 Labieni,
1188 837 1381 905 Cordi
1438 836 1753 926 Cremuti,
1819 836 2002 903 Cassi
2073 837 2293 903 Seueri
2361 840 2601 922 scripta

300 951 567 1010 senatus
614 947 925 1012 consultis
972 944 1216 1010 abolita
1260 945 1502 1029 requiri
1550 949 1615 1012 et
1661 966 1798 1010 esse
1843 945 1912 1009 in
1956 945 2253 1010 manibus
2301 945 2601 1010 lectitari-

236 1077 263 1116 ε
298 1075 427 1137 que
481 1053 800 1137 permisit,
856 1053 1155 1136 quando
1214 1051 1531 1117 maxime
1588 1075 1724 1117 sua
1775 1054 2194 1118 interesset
2258 1056 2342 1117 ut
2396 1054 2602 1117 facta

299 1181 647 1244 quaeque
683 1159 1024 1245 posteris
1060 1158 1483 1224 tradantur.
1574 1159 1856 1224 rationes
1895 1160 2150 1243 imperii
2187 1160 2268 1223 ab
2302 1158 2600 1244 Augusto

296 1268 580 1350 proponi
609 1266 833 1330 solitas
862 1266 972 1329 sed
1002 1288 1041 1330 a
1060 1265 1317 1332 Tiberio
1348 1265 1744 1331 intermissas
1774 1265 2148 1350 publicauit.
2211 1265 2601 1352 magistrati-
2639 1282 2670 1329 2

296 1372 423 1438 bus
460 1373 729 1439 liberam
767 1371 927 1437 iuris
968 1371 1317 1437 dictionem
1364 1377 1429 1436 et
1464 1373 1603 1436 sine
1642 1373 1742 1436 sui
1788 1371 2222 1457 appellatione
2267 1373 2600 1438 concessit.

298 1481 553 1564 equites
607 1479 682 1544 R..
740 1501 959 1543 seuere
1017 1481 1393 1563 curioseque
1448 1499 1565 1543 nec
1623 1480 1760 1542 sine
1815 1478 2254 1544 moderatione
2298 1500 2602 1564 recogno-

214 1609 272 1649 ιο
300 1587 423 1669 uit,
469 1587 680 1669 palam
728 1586 1029 1670 adempto
1078 1606 1243 1669 equo
1292 1585 1528 1668 quibus
1574 1589 1688 1648 aut
1733 1585 1957 1668 probri
1991 1585 2237 1669 aliquid
2275 1589 2386 1650 aut
2421 1584 2598 1668 igno·

298 1693 541 1758 miniae
578 1693 843 1775 inesset,
881 1713 1103 1757 eorum
1151 1692 1263 1776 qui
1308 1692 1557 1756 minore
1595 1692 1784 1774 culpa
1821 1695 2195 1756 tenerentur
2228 1691 2601 1756 nominibus

298 1799 497 1864 modo
544 1800 613 1862 in
666 1797 1047 1863 recitatione
1102 1799 1485 1882 praeteritis.
1568 1807 1645 1860 ut
1690 1798 1897 1862 leuior
1939 1797 2125 1862 labor
2169 1797 2602 1862 iudicantibus

298 1905 491 1988 foret,
538 1905 619 1969 ad
668 1909 973 1990 quattuor
1019 1905 1256 1989 prioris
1305 1906 1597 1988 quintam
1638 1905 1961 1969 decuriam
2000 1904 2260 1969 addidit.
2337 1909 2602 1989 tempta-

298 2011 404 2076 uit
459 2017 524 2076 et
579 2012 989 2076 comitiorum
1046 2033 1223 2076 more
1284 2015 1584 2076 reuocato
1642 2011 1951 2098 suffragia
2016 2012 2258 2096 populo
2323 2011 2600 2077 reddere.

219 2149 273 2188 ιε
305 2118 527 2205 legata
574 2141 651 2184 ex
698 2123 1084 2183 testamento
1132 2117 1349 2183 Tiberi
1397 2139 1786 2201 quamquam
1835 2117 2098 2202 abolito,
2145 2118 2256 2184 sed
2302 2123 2368 2182 et
2403 2116 2604 2183 Iuliae
2643 2132 2673 2180 3

302 2225 670 2310 Augustae,
724 2227 898 2309 quod
944 2225 1243 2291 Tiberius
1300 2233 1768 2309 suppresserat,
1825 2246 1970 2289 cum
2027 2225 2152 2288 fide
2199 2246 2276 2290 ac
2321 2225 2459 2289 sine
2505 2246 2604 2290 ca—

300 2333 555 2397 lumnia
598 2337 1075 2416 repraesentata
1112 2331 1440 2417 persoluit.
1525 2330 2024 2396 ducentesimam
2067 2333 2440 2398 auctionum
2479 2329 2605 2396 Ita-

300 2439 434 2503 liae
478 2441 753 2525 remisit3
799 2440 1025 2505 multis
1072 2441 1514 2504 incendiorum
1562 2439 1796 2503 damna
1843 2439 2198 2525 suppleuit3
2242 2461 2316 2503 ac
2365 2440 2418 2503 si
2468 2441 2604 2524 qui-

307 2547 431 2610 bus
477 2569 675 2632 regna
718 2547 1025 2631 restituit,
1069 2547 1304 2612 adiecit
1350 2551 1414 2610 et
1470 2547 1752 2610 fructum
1813 2568 2064 2610 omnem
2114 2547 2604 2633 uectigaliorum

220 2683 277 2722 πο
306 2657 375 2716 et
416 2650 698 2718 'reditum
758 2653 953 2718 medii
1008 2654 1345 2738 temporis,
1400 2659 1475 2718 ut
1518 2653 1844 2718 Antiocho
1894 2651 2323 2739 Commageno
2381 2659 2604 2719 sester-

300 2761 472 2824 tium
528 2762 737 2825 milies
802 2762 1239 2826 confiscatum.
1348 2782 1602 2844 quoque
1671 2761 1882 2846 magis
1949 2759 2190 2824 nullius
2254 2784 2386 2826 non
2451 2759 2604 2825 boni
2642 2775 2676 2820 4

303 2867 587 2951 exempli
632 2868 849 2933 fautor
892 2867 1246 2951 uideretur,
1302 2867 1555 2932 mulieri
1612 2867 1950 2932 libertinae
1997 2868 2370 2952 octingenta
2415 2867 2605 2932 dona-

302 2974 423 3056 uit,
470 2973 639 3058 quod
690 2976 1053 3040 excruciata
1098 2975 1501 3061 grauissimis
1546 2975 1886 3038 tormentis
1939 2973 2017 3038 de
2063 2975 2300 3039 scelere
2348 2975 2605 3058 patroni

302 3081 687 3146 reticuisset.
771 3104 930 3166 quas
986 3081 1069 3146 ob
1118 3103 1218 3146 res
1275 3083 1443 3146 inter
1496 3081 1780 3165 reliquos
1836 3081 2112 3146 honores
2169 3080 2461 3145 decretus
2509 3085 2607 3145 est

220 3217 275 3256 25
305 3188 367 3252 ei
426 3187 671 3272 clipeus
726 3211 985 3273 aureus,
1040 3211 1231 3273 quem
1290 3188 1636 3273 quotannis
1692 3193 1865 3252 certo
1922 3189 2024 3252 die
2080 3188 2353 3273 collegia
2406 3209 2606 3252 sacer-

306 3294 533 3358 dotum
583 3297 651 3358 in
689 3293 1081 3379 Capitolium
1120 3295 1381 3380 ferrent,
1418 3299 1645 3358 senatu
1682 3299 2112 3379 prosequente
2149 3294 2606 3379 nobilibusque

308 3403 527 3484 pueris
602 3423 675 3466 ac
747 3402 983 3486 puellis
1050 3403 1329 3467 carmine
1404 3401 1734 3466 modulato
1800 3401 2021 3465 laudes
2084 3402 2401 3466 uirtutum
2462 3402 2606 3486 ‚eius

309 3509 705 3574 canentibus.
790 3510 1108 3573 decretum
1160 3515 1373 3574 autem
1422 3512 1496 3572 ut
1541 3508 1705 3591 dies,
1752 3530 1878 3591 quo
1927 3508 2202 3592 cepisset
2249 3509 2608 3592 imperium,

306 3615 547 3680 Parilia
592 3620 949 3698 uocaretur,
996 3616 1177 3680 uelut
1222 3621 1672 3700 argumentum
1722 3636 1942 3678 rursus
1991 3615 2284 3680 conditae
2329 3615 2526 3680 urbis

226 3748 285 3788 so
496 3721 877 3788 Consulatus
918 3729 1225 3807 quattuor
1261 3724 1479 3808 gessit,
1517 3723 1801 3806 primum
1839 3743 1918 3785 ex
1956 3721 2098 3785 Kal.
2137 3721 2256 3786 Iul.
2295 3746 2411 3808 per
2450 3723 2608 3787 duos
2626 3714 2711 3780 17

308 3852 589 3912 menses,
645 3830 995 3895 secundum
1052 3853 1130 3894 ex
1188 3830 1327 3894 Kal.
1384 3827 1515 3894 Ian.
1564 3851 1682 3914 per
1728 3827 1912 3891 XXX
1959 3827 2121 3912 dies,
2185 3831 2449 3893 tertium
2509 3852 2608 3893 us-

619 3969 735 3976 ——

458 4040 482 4086 1
526 4031 581 4085 P.
604 4032 871 4086 sinthrias
894 4033 1101 4087 MGL¹
1130 4032 1244 4100 (Ps-
1268 4032 1382 4100 L³)‚
1422 4031 1708 4084 Pinthrias
1738 4031 1898 4094 PST,
1937 4029 2240 4085 Psinstrias
2265 4033 2367 4102 QR
2477 4037 2508 4084 2
2537 4049 2608 4085 ne

314 4116 387 4178 T,
434 4129 547 4166 non
577 4115 651 4167 M
660 4113 757 4167 Ga
798 4114 899 4182 (sic
941 4121 991 4168 et
1026 4120 1143 4167 tum
1194 4128 1443 4181 mergere
1483 4113 1796 4176 Bach-eler),
1842 4115 1908 4164 ut
1952 4127 2062 4163 non
2095 4115 2151 4163 X
2324 4115 2608 4166 exortatus

310 4193 465 4261 (exh-
490 4193 570 4262 G)
594 4195 667 4248 Μ
676 4193 725 4246 G
744 4195 794 4247 Τ
932 4198 996 4246 14
1026 4195 1317 4246 reuocatos
1345 4195 1409 4245 ut
1428 4193 1500 4246 M
1502 4192 1706 4256 GLP¹‚
1735 4193 1996 4245 reuocato
2025 4195 2091 4243 ut
2113 4193 2187 4256 R,
2215 4195 2478 4245 reuocato
2509 4209 2608 4246 sua-

312 4274 545 4342 Bentley
581 4275 671 4341 (cf.
704 4275 891 4328 Herm.
921 4277 995 4327 36
1016 4291 1073 4342 p.
1104 4276 1233 4342 302)
1392 4272 1653 4326 redderet
1685 4273 1734 4325 G
1898 4279 1962 4325 15
2003 4271 2196 4326 Liuiae
2235 4289 2268 4331 ς
2306 4272 2609 4341 (Beroald.)

316 4359 381 4406 17
420 4354 783 4407 centesimam
820 4354 1103 4408 Turnebus
1224 4353 1540 4406 auctionem
1572 4355 1638 4418 X,
1677 4352 1960 4405 actionum
1995 4352 2122 4420 11¹9
2232 4357 2296 4405 19
2337 4352 2548 4405 adiecit
2576 4369 2609 4411 ς

314 4435 635 4502 (Beroald.),
664 4433 876 4488 adfecit
895 4433 1038 4502 (adf-
1062 4437 1201 4498 ΜΠ,
1234 4432 1331 4486 aff·
1362 4435 1475 4499 rel.)
1498 4435 1549 4484 Ω
1657 4437 1722 4485 20
1745 4433 1930 4486 reditu
1963 4435 2046 4498 M,
2076 4435 2258 4486 -tuum
2284 4433 2538 4486 Beroald.

314 4530 679 4584 cummageno
716 4515 1007 4584 (cuma-T)
1044 4518 1109 4578 X,
1147 4530 1449 4582 comageno
1486 4516 1534 4565 Τ
1676 4519 1741 4565 22
1781 4513 2070 4581 octoginta,
2099 4513 2276 4580 (-enta
2310 4513 2373 4582 Q)
2407 4511 2608 4582 LUQ,

315 4594 589 4665 ostiginta
628 4594 707 4648 L²
852 4599 919 4648 30
956 4594 1067 4647 ian.
1097 4595 1212 4663 HQ,
1251 4595 1363 4647 iusi.
1394 4595 1441 4646 T
1581 4599 1646 4645 31
1688 4592 1786 4645 iusi
1823 4593 1986 4660 (iunii
2016 4593 2076 4656 S)
2117 4595 2172 4644 X
