3259 5209
1050 483 1267 537 DIVVS
1304 482 1543 537 IVLIVS
1583 496 1712 545 [cn.
1745 496 1921 544 49—531
2556 482 2640 547 27

348 648 583 712 ciliare.
674 669 753 711 ne
800 646 1304 731 prouincialibus
1352 646 1605 730 quidem
1648 646 2074 712 matrimoniis
2113 646 2498 711 abstinuisse
2537 644 2641 709 uel
2662 643 2748 711 51

349 752 475 817 hoc
522 752 798 817 disticho
838 753 1072 835 <FPR
1096 776 1163 836 p.
1194 754 1363 836 330>
1408 757 1676 836 apparet
1721 754 1956 817 iactato
1999 776 2201 837 aeque
2247 776 2284 815 a
2329 752 2646 816 militibus

348 881 465 943 per
512 858 822 924 Gallicum
870 862 1301 943 triumphum:

404 966 707 1050 urbani,
738 972 1041 1031 seruate
1078 988 1383 1031 uxores:
1420 966 1808 1032 moechum
1851 968 2144 1031 caluom
2184 965 2646 1030 adducimus,

299 1098 324 1136 ⁵
406 1096 664 1137 aurum
710 1075 787 1137 in
837 1072 1089 1137 Gallia
1134 1073 1559 1157 effutuisti,
1602 1073 1728 1136 hic
1775 1074 2173 1156 sumpsisti
2221 1077 2574 1137 mutuum.

355 1178 582 1244 dilexit
629 1184 693 1244 et
739 1182 1020 1265 reginas,
1076 1181 1243 1245 inter
1300 1202 1455 1264 quas
1505 1179 1772 1245 Eunoen
1821 1179 2110 1244 Mauram
2159 1179 2446 1264 Bogudis
2495 1200 2645 1241 uxo-
2665 1179 2754 1244 52

352 1308 507 1369 rein,
555 1288 657 1350 cui
704 1289 1063 1370 maritoque
1110 1288 1245 1351 eius
1292 1285 1571 1370 plurima
1608 1292 1672 1349 et
1709 1287 2021 1351 immensa
2056 1286 2312 1369 tribuit,
2359 1290 2432 1349 ut
2468 1284 2646 1349 Naso

358 1393 639 1477 scripsit3
704 1393 816 1456 sed
870 1394 1149 1457 maxime
1206 1392 1638 1475 Cleopatram,
1705 1412 1848 1457 cum
1911 1416 2038 1477 qua
2097 1397 2162 1457 et
2221 1392 2522 1455 conuiuia
2580 1391 2649 1455 in

356 1502 628 1583 primam
695 1502 903 1564 lucem
976 1522 1165 1584 saepe
1238 1501 1557 1583 protraxit
1630 1505 1694 1563 et
1759 1500 1975 1563 eadem
2045 1520 2208 1562 naue
2281 1498 2646 1581 thalamego

274 1628 329 1669 ιο
356 1628 555 1688 paene
611 1605 960 1690 Aethiopia
1022 1610 1209 1670 tenus
1264 1605 1636 1690 Aegyptum
1700 1606 2088 1688 penetrauit,
2147 1606 2272 1668 nisi
2333 1605 2650 1668 exercitus

356 1714 541 1795 sequi
600 1717 985 1795 recusasset,
1049 1734 1241 1796 quam
1304 1712 1579 1795 denique
1626 1714 1897 1777 accitam
1957 1713 2023 1775 in
2079 1711 2302 1776 urbem
2349 1734 2477 1775 non
2525 1710 2649 1774 nisi

356 1820 653 1883 maximis
698 1817 1055 1883 honoribus
1100 1820 1531 1903 praemiisque
1580 1823 1830 1883 auctam
1879 1820 2128 1883 remisit
2163 1817 2496 1900 filiumque
2543 1839 2650 1880 na-

356 1930 495 1988 tum
546 1924 863 2008 appellare
910 1926 1169 1989 nomine
1216 1947 1331 1989 suo
1375 1948 1603 2010 passus
1644 1932 1754 1989 est.
1831 1948 2021 2010 quem
2061 1925 2316 2008 quidem
2355 1925 2654 1988 nonnulli·
2689 1943 2719 1989 2

358 2029 743 2096 Graecorum
801 2030 1074 2096 similem
1129 2054 1387 2117 quoque
1436 2030 1690 2096 Caesari
1747 2036 1813 2095 et
1865 2032 2075 2096 forma
2121 2036 2185 2094 et
2231 2032 2478 2094 incessu
2527 2035 2650 2094 tra-

277 2160 329 2199 15
359 2138 676 2202 diderunt.
769 2138 853 2203 M.
901 2138 1227 2203 Antonius
1292 2139 1628 2224 adgnitum
1695 2141 1886 2203 etiam
1954 2138 2034 2202 ab
2096 2160 2170 2202 eo
2233 2139 2481 2202 senatui
2547 2138 2650 2201 ad-

358 2246 671 2328 firmauit,
742 2268 903 2329 quae
964 2247 1125 2310 scire
1196 2244 1259 2309 C.
1316 2245 1585 2309 Matium
1657 2250 1721 2309 et
1783 2244 1846 2309 C.
1896 2244 2177 2329 Oppium
2240 2245 2652 2328 reliquosque

360 2350 646 2415 Caesaris
704 2353 969 2436 amicos;
1030 2373 1303 2435 quorum
1364 2350 1555 2416 Gaius
1610 2351 1886 2435 Oppius,
1949 2354 2132 2435 quasi
2193 2350 2380 2435 plane
2442 2350 2652 2414 defen·

358 2460 537 2523 sione
594 2480 667 2523 ac
722 2460 1079 2541 patrocinio
1134 2480 1237 2522 res
1294 2463 1534 2543 egeret,
1580 2458 1816 2523 librum
1865 2458 2091 2540 edidit,
2139 2480 2268 2520 non
2317 2480 2453 2522 esse
2503 2457 2652 2521 Cae-

361 2566 520 2627 saris
584 2564 815 2650 filium,
881 2588 1071 2650 quem
1136 2564 1479 2648 Cleopatra.
1544 2565 1730 2629 dicat.
1833 2564 2106 2629 Heluius
2174 2564 2377 2627 Cinna
2440 2568 2515 2627 tr.
2567 2564 2649 2648 pl.
2690 2583 2722 2629 3

280 2693 333 2731 πο
361 2672 679 2755 plerisque
736 2672 1065 2737 confessus
1124 2675 1221 2736 est
1276 2670 1575 2735 habuisse
1630 2692 1700 2734 se
1755 2671 2056 2754 scriptam
2106 2676 2522 2754 paratamque
2570 2671 2654 2733 le-

362 2800 527 2863 gem,
574 2799 765 2861 quam
816 2776 1045 2842 Caesar
1080 2778 1246 2842 ferre
1284 2778 1575 2843 iussisset
1614 2800 1758 2840 cum
1795 2780 1934 2860 ipse
1973 2779 2240 2860 abesset,
2287 2780 2382 2841 uti
2421 2800 2652 2840 uxores

360 2884 709 2948 liberorum
731 2885 1237 2968 quaerendorum
1266 2906 1459 2949 causa
1482 2906 1640 2967 quas
1665 2889 1728 2948 et
1758 2888 1916 2968 quot
1941 2883 2136 2947 uellet
2160 2884 2385 2947 ducere
2415 2883 2650 2969 liceret.

362 2996 430 3053 at
474 3012 553 3054 ne
601 2992 703 3054 cui
751 2991 1016 3055 dubium
1064 2992 1325 3055 omnino
1374 2992 1458 3055 sit
1506 2996 1570 3054 et
1616 2991 2054 3073 impudicitiae
2091 2994 2155 3053 et
2194 2989 2652 3054 adulteriorum

362 3098 667 3182 flagrasse
714 3096 1003 3181 infamia,
1052 3096 1246 3161 Curio
1295 3103 1475 3180 pater
1522 3098 1798 3180 quadam
1847 3118 1991 3160 eum
2040 3098 2330 3160 oratione
2366 3097 2652 3160 omnium

283 3224 333 3262 25
362 3203 703 3267 mulierum
753 3204 965 3268 uirum
1013 3208 1075 3269 et
1124 3206 1413 3268 omnium
1462 3205 1748 3267 uirorum
1795 3204 2128 3267 mulierem
2175 3204 2474 3287 appellat.

543 3308 697 3373 Vini
741 3310 1187 3394 parcissimum
1233 3332 1314 3374 ne
1362 3311 1605 3374 inimici
1655 3310 1908 3393 quidem
1959 3315 2371 3395 negauerunt.
2453 3308 2760 3375 Marci53

367 3416 627 3480 Catonis
682 3420 801 3481 est:
864 3438 1087 3480 unum
1145 3440 1229 3481 ex
1287 3417 1639 3481 omnibus
1708 3416 2100 3481 Caesarem
2163 3416 2250 3479 ad
2299 3421 2654 3480 euerten-

509 3614 541 3661 8
578 3610 645 3675 cf.
688 3609 921 3677 Eutrop.
967 3610 1052 3662 VI
1079 3612 1170 3674 22,
1202 3612 1237 3661 3

505 3810 538 3858 4
576 3803 794 3857 caluom
816 3804 979 3869 Roth,
1009 3802 1209 3857 caluon
1234 3804 1364 3857 ΜΘ
1384 3806 1442 3869 V,
1472 3803 1696 3857 caluum
1722 3806 1816 3859 rel.
1956 3811 1986 3857 ὃ
2017 3820 2152 3857 auro
2182 3812 2230 3859 et
2258 3813 2370 3859 tum
2401 3809 2654 3873 stuprum

363 3884 548 3937 emisti
582 3900 685 3952 pro
714 3882 986 3937 effutuisti
1017 3882 1287 3953 (effudisti
1310 3884 1577 3953 L³=3>11R
1713 3884 1892 3953 gallia
1917 3882 2004 3948 Y‘,
2042 3883 2276 3952 galliam
2304 3886 2416 3949 rel.,
2456 3884 2655 3939 Galliis

371 3965 605 4031 Gujetus
710 3966 963 4017 mutuom
993 3966 1246 4019 Biihrens
1357 3970 1383 4017 7
1424 3968 1487 4016 ut
1516 3980 1615 4017 om.
1652 3966 1700 4017 V
1803 3964 1954 4018 Naso
1986 3981 2018 4023 ς
2049 3967 2483 4033 (ὗῙαηοίηιἸΙ-ιιθ),
2519 3982 2656 4018 uasa

366 4060 503 4097 corr.
543 4060 621 4097 ex·
646 4058 786 4095 uasu
824 4051 886 4097 ut
922 4044 1037 4097 uid.
1074 4046 1146 4097 M
1179 4044 1407 4111 (priores
1443 4048 1607 4096 uasta
1646 4050 2009 4112 exceperant),
2046 4060 2184 4096 uasa
2217 4044 2286 4097 X‘
2305 4049 2368 4109 T,
2408 4062 2571 4097 nasas
2606 4046 2656 4098 G

368 4130 399 4177 9
430 4121 791 4190 thalamoque
819 4120 1127 4178 ΤῬΩΟἾεἰ
1246 4129 1308 4175 12
1340 4125 1697 4192 praemisque
1719 4126 1862 4178 Roth
1991 4131 2053 4176 13
2076 4127 2148 4191 <c
2161 4137 2191 4193 >
2214 4126 2438 4177 nomine
2462 4126 2653 4177 Madd.

372 4207 437 4255 16
479 4219 623 4271 quae
669 4206 799 4273 (que
841 4222 941 4271 per
984 4204 1256 4272 compend.
1292 4206 1366 4257 M
1407 4210 1455 4256 et
1500 4206 1772 4272 plerique,
1825 4221 1970 4271 quae
2014 4205 2142 4273 QR.)
2193 4205 2357 4274 seire]
2407 4205 2657 4271 scireque

374 4284 700 4351 GlareanuS,
742 4283 1001 4355 <id>que
1038 4283 1177 4337 scire
1211 4285 1403 4338 Modd.
1552 4284 1782 4352 appium
1821 4286 1894 4337 M
2038 4291 2099 4337 19
2141 4285 2209 4337 de
2249 4285 2534 4352 cleopa-tra
2575 4285 2656 4335 di-

370 4365 501 4415 cant
552 4365 599 4415 ‘1²
755 4369 819 4416 21
869 4368 934 4417 ut
980 4364 1121 4432 <e>i
1160 4366 1425 4419 Bac-hezer
1588 4370 1654 4415 22
1694 4365 1858 4433 quas]
1906 4381 2044 4432 quos
2091 4365 2288 4430 Lm),
2345 4382 2484 4432 quas
2531 4364 2656 4431 quis

374 4443 511 4497 Oud.
656 4442 869 4497 uellent
898 4448 974 4510 X,
1015 4444 1190 4498 uellet
1228 4444 1352 4511 quis
1392 4464 1421 4507 ρ
1570 4450 1636 4495 23
1675 4448 1736 4496 at
1776 4444 1868 4509 (ad
1903 4447 1998 4510 M)
2030 4447 2107 4508 Ω,
2155 4449 2325 4512 atque
2356 4447 2428 4502 (ςὸ
2467 4446 2555 4497 uel
2594 4462 2658 4497 ac

367 4524 479 4589 fere
515 4523 633 4577 edd.
799 4540 925 4577 eum
958 4532 1081 4592 post
1116 4523 1507 4591 impudicitiae
1546 4524 1674 4577 add.
1723 4527 1768 4575 Τ
1928 4529 1993 4575 27
2032 4524 2278 4577 Verbum
2318 4532 2444 4578 (tute
2482 4524 2657 4576 Marci

370 4604 495 4657 add.
543 4603 779 4669 Y'P2N,
808 4609 934 4672 post
971 4608 1057 4658 est
1090 4604 1161 4658 0²
1198 4606 1286 4671 (cf.
1331 4604 1517 4673 Quint.
1560 4607 1682 4657 inst.
1728 4604 1881 4658 VIII
1911 4608 1963 4669 2,
1995 4608 2048 4671 Ω)
