3259 5209
608 409 739 472 316
1303 407 1359 462 C.
1400 405 1716 462 SVETONI
1751 357 2202 472 TRANQVILLI

607 571 886 636 minatos
966 571 1167 634 ueteri
1247 569 1660 656 neglegentia
1735 569 2044 654 purgauit
2119 568 2573 653 suppleuitque
2643 588 2916 631 recenso
3008 621 3018 628 .

608 683 833 742 senatu
871 683 936 740 et
972 679 1208 762 equite,
1255 678 1599 741 summotis
1646 675 2110 762 indignissimis
2157 681 2223 741 et
2259 675 2712 741 honestissimo
2750 695 2918 757 quo-

612 806 736 867 que
795 782 1169 848 Italicorum
1230 805 1304 849 ac
1366 783 1862 868 prouincialium
1929 784 2177 848 allecto.
2279 787 2472 866 atque
2527 782 2624 846 uti
2677 785 2916 845 notum

607 894 794 973 esset,
853 895 1198 974 utrumque
1260 889 1548 954 ordinem
1609 910 1744 954 non
1803 893 1938 954 tam
1998 888 2298 953 libertate
2357 890 2528 953 inter
2590 910 2657 952 se
2713 909 2914 971 quam

608 996 924 1082 dignitate
962 997 1235 1078 differre,
1271 997 1349 1060 de
1386 995 1601 1082 iurgio
1641 996 1920 1079 quodam
1959 997 2272 1060 senatoris
2310 997 2676 1079 equitisque
2704 993 2780 1057 R.
2819 996 2916 1058 ita
2983 1013 3012 1053 ⁸

607 1104 1081 1187 pronuntiauit,
1126 1125 1277 1168 non
1314 1108 1676 1188 oportere
1715 1102 2073 1167 maledici
2113 1101 2634 1184 senatoribuS,
2671 1123 2914 1165 rema-

608 1209 843 1274 ledici
891 1211 1128 1274 ciuile
1173 1210 1447 1294 fasque
1494 1231 1675 1274 esse.

505 1303 592 1370 10
786 1317 1031 1380 Litium
1092 1316 1285 1380 series
1349 1316 1591 1399 ubique
1655 1317 1962 1381 maiorem
2024 1315 2092 1380 in
2146 1316 2409 1380 modum
2475 1319 2914 1398 exercuerant,

608 1422 1019 1488 manentibus
1074 1423 1360 1505 antiquis
1418 1421 1899 1506 intercapedine
1951 1423 2111 1486 iuris
2167 1422 2494 1504 dictionis,
2557 1421 2916 1485 accedenti-

608 1529 731 1592 bus
786 1530 973 1593 nouis
1028 1551 1107 1593 ex
1165 1528 1539 1594 condicione
1586 1530 1999 1613 tumultuque
2045 1533 2439 1612 temporum3
2495 1533 2667 1593 sorte
2713 1527 2916 1612 elegit
2949 1541 3008 1582 ιθ

610 1658 725 1719 per
788 1657 951 1719 quos
1016 1641 1201 1719 rapta
1257 1634 1429 1699 bello
1498 1636 1991 1700 restituerentur
2045 1637 2283 1719 quique
2339 1635 2574 1699 iudicia
2627 1638 2917 1698 centum-

612 1743 858 1824 uiralia,
915 1741 1148 1826 quibus
1194 1743 1575 1828 peragendis
1621 1743 1735 1806 uix
1788 1743 2135 1809 suffectura
2183 1741 2588 1828 litigatorum
2651 1735 2914 1805 uideba-

612 1855 719 1912 tur
774 1853 974 1932 aetaS,
1031 1853 1213 1913 extra
1272 1847 1563 1913 ordinem
1622 1848 2048 1913 diiudicarent
2103 1849 2590 1933 redigerentque
2645 1848 2725 1911 ad
2771 1848 2916 1911 bre-

612 1956 951 2019 uissimum
996 1977 1350 2020 numerum.

506 2050 589 2118 ll
788 2061 1019 2126 Libido
1076 2067 1268 2145 atque
1326 2062 1587 2125 luxuria
1644 2067 1974 2127 coercente
2019 2061 2199 2126 nullo
2245 2063 2632 2142 inualuerat3
2685 2065 2918 2124 auctor
2951 2075 3008 2115 1⁵

612 2171 862 2232 senatui
920 2169 1048 2232 fuit
1111 2167 1511 2252 decernendi,
1575 2173 1650 2232 ut
1711 2190 1872 2252 quae
1934 2190 2002 2232 se
2061 2169 2270 2233 alieno
2331 2190 2518 2232 seruo
2581 2168 2918 2248 iunxisset,

613 2274 848 2337 ancilla
912 2273 1283 2359 haberetur3
1358 2297 1521 2338 neue
1584 2275 1870 2339 filiorum
1945 2274 2334 2339 familiarum
2401 2272 2916 2338 faeneratoribus

613 2381 912 2466 exigendi
971 2381 1195 2446 crediti
1255 2383 1354 2444 ius
1414 2403 1722 2465 umquam
1779 2387 1965 2466 esset,
2019 2381 2144 2446 hoc
2191 2386 2288 2446 est
2332 2404 2415 2446 ne
2459 2385 2608 2464 post
2653 2383 2918 2463 patrum

616 2486 872 2569 quidem
924 2492 1217 2552 mortem.

794 2591 1037 2657 Ceteris
1096 2594 1165 2656 in
1226 2593 1416 2656 rebus
1478 2594 1699 2657 statim
1760 2594 1842 2657 ab
1896 2593 2083 2658 initio
2138 2595 2536 2678 principatus
2581 2614 2787 2676 usque
2833 2591 2918 2655 ad
2949 2607 3008 2647 ²⁰

512 2690 598 2755 1⁸2
616 2699 858 2763 exitum
908 2700 1116 2763 ciuilis
1154 2705 1219 2763 et
1256 2700 1553 2785 clemens,
1597 2699 2106 2765 mediocritatem
2153 2700 2492 2783 pristinam
2537 2721 2746 2784 neque
2791 2699 2920 2762 dis-

614 2806 949 2870 simulauit
1007 2828 1313 2889 umquam
1370 2827 1442 2870 ac
1498 2807 1871 2890 frequenter
1925 2807 2118 2871 etiam
2174 2828 2327 2890 prae
2381 2829 2450 2870 se
2495 2806 2664 2871 tulit.
2757 2807 2922 2888 quin

615 2918 679 2976 et
739 2913 1031 2977 conantis
1091 2913 1401 2996 quosdam
1457 2912 1780 2997 originem
1835 2911 2046 2976 Flauii
2109 2915 2362 2998 generis
2417 2913 2498 2976 ad
2553 2913 2918 2978 conditores

616 3019 926 3084 Reatinos
984 3021 1411 3101 comitemque
1462 3017 1778 3102 HerculiS,
1835 3019 2018 3083 cuius
2065 3023 2534 3084 monimentum
2583 3022 2759 3084 extat
2805 3017 2919 3082 Sa-

612 3127 773 3190 laria
828 3127 951 3209 uia,
1008 3127 1243 3191 referre
1298 3125 1500 3189 irrisit
1556 3125 1748 3188 ultro.
1841 3126 2126 3208 adeoque
2181 3125 2346 3191 nihil
2392 3131 2918 3191 ornamentorum
2947 3136 3000 3176 ³⁵

613 3231 1006 3297 extrinsecus
1046 3231 1274 3316 cupide
1318 3233 1652 3315 appetiuit,
1691 3235 1764 3296 ut
1800 3232 2113 3315 triumphi
2145 3232 2244 3296 die
2272 3232 2585 3319 fatigatus
2613 3231 2918 3296 tarditate

614 3345 679 3404 et
734 3339 945 3404 taedio
1007 3359 1282 3421 pompae
1347 3360 1481 3401 non
1547 3339 1902 3421 reticuerit,
1977 3339 2250 3403 merito
2317 3362 2392 3403 se
2458 3339 2723 3424 plecti,
2788 3336 2918 3421 qui

614 3444 1114 3529 triumphum,
1184 3445 1403 3527 quasi
1472 3449 1602 3508 aut
1667 3444 2010 3509 debitum
2077 3445 2496 3510 maioribus
2565 3447 2724 3509 suis
2789 3449 2921 3506 aut

614 3555 1002 3634 speratum
1077 3571 1429 3633 umquam
1504 3550 1684 3631 sibi,
1778 3556 1930 3614 tam
2011 3553 2269 3636 inepte
2343 3574 2573 3618 senex
2646 3572 2920 3616 concu-

614 3658 877 3741 pisset.
969 3679 1045 3722 ac
1098 3679 1179 3721 ne
1236 3657 1654 3721 tribuniciam
1713 3656 1970 3741 quidem
2027 3664 2412 3743 potestatem
2467 3661 2525 3744 (.
2556 3709 2570 3723 .
2603 3659 2659 3742 .>
2713 3657 2918 3742 patris
2947 3668 3002 3708 ⁸⁰

615 3763 863 3847 patriae
908 3762 1411 3847 appellationem
1458 3763 1585 3828 nisi
1643 3786 1783 3828 sero
1839 3765 2096 3849 recepit.
2187 3789 2336 3830 nam
2391 3764 2920 3831 consuetudinem

618 3870 942 3934 scrutandi
998 3870 1351 3934 salutantes
1402 3875 1699 3934 manente
1748 3870 1958 3937 adhuc
2002 3871 2173 3935 bello
2221 3873 2397 3937 ciuili
2445 3874 2766 3936 omiserat.

713 3972 728 3976 -
760 4005 829 4054 20
861 3971 937 4067 cf.
968 4001 1205 4069 Eutrop.
1231 3999 1348 4055 VII
1374 4005 1520 4066 19,2
1558 4001 1769 4055 Romae
1801 4018 1860 4056 se
1897 4002 1954 4054 in
1985 4003 2221 4071 imperio
2249 4002 2700 4058 moderatissime
2727 4001 2922 4072 gessit.

758 4132 792 4179 4
829 4125 978 4178 inter
1015 4142 1072 4178 se
1118 4128 1184 4192 Τ,
1242 4124 1301 4176 in
1340 4142 1398 4177 se
1440 4126 1645 4191 MGX,
1702 4144 1801 4180 om.
1843 4128 1910 4180 N
2085 4133 2113 4180 7
2152 4127 2267 4181 uile
2307 4128 2412 4198 HQ
2457 4130 2596 4196 (tum
2631 4127 2816 4181 inesse
2857 4126 2922 4196 Q)

622 4211 684 4258 11
726 4203 1146 4259 centumuirilia
1177 4206 1358 4260 MGT
1395 4207 1549 4272 (corr.
1582 4205 1684 4275 11²)
1835 4212 1901 4259 16
1931 4207 2280 4280 decernende
2310 4210 2394 4274 M,
2433 4207 2532 4262 -de
2560 4209 2597 4260 ὃ
2743 4211 2808 4260 17
2837 4207 2923 4260 fa-

616 4285 923 4339 miliarium
963 4285 1179 4339 MXRB
1236 4287 1369 4352 (non
1415 4286 1485 4352 T)
1637 4292 1718 4339 18.
1772 4292 1837 4339 19
1892 4285 2000 4340 hoc
2036 4290 2123 4340 est
2165 4305 2335 4357 usque
2379 4291 2617 4342 mortem
2659 4289 2926 4357 glossema

612 4371 821 4433 putant
859 4368 1052 4421 Burm.
1098 4365 1236 4420 Oud.
1385 4371 1453 4416 24
1510 4366 1608 4418 uia
1647 4365 1853 4419 salaria
1893 4365 1966 4419 ‘1²‘
2112 4373 2178 4421 80
2233 4367 2534 4421 tribunitia
2554 4369 2926 4436 —potestate

619 4445 729 4515 HQ
924 4461 1029 4498 nec
1065 4453 1193 4499 ante
1228 4445 1409 4512 patris
1448 4447 1578 4499 add.
1614 4446 1666 4500 G
1704 4447 1793 4514 (G.
1827 4447 2076 4516 Becker),
2124 4449 2182 4500 et
2219 4465 2252 4506 ς
2291 4449 2391 4516 (ed.
2421 4465 2513 4516 pr.
2545 4447 2694 4512 ναι,
2729 4447 2927 4517 καφ),

621 4530 721 4577 aut
758 4526 921 4590 Roth,
962 4526 1155 4578 statim
1197 4525 1256 4579 Ο.
1292 4526 1613 4591 Hirschfeld
1651 4534 1702 4581 et
1742 4527 1803 4581 0.
1835 4527 2128 4592 Rossbach,
2165 4528 2360 4581 statim
2397 4543 2501 4582 nec
2538 4527 2805 4582 Bt'icheler
