3259 5209
620 424 660 489 6
1323 422 1376 477 C.
1419 421 1733 477 SVETONI
1770 422 2215 488 TRANQVILLI

618 586 1112 651 extraordinarii
1173 586 1426 669 imperii
1489 586 1917 669 occasionem,
1988 586 2159 669 quod
2221 585 2639 651 Alexandrini
2702 608 2919 671 regem

620 716 806 758 suum
855 694 1100 759 socium
1157 696 1348 775 atque
1404 694 1683 757 amicum
1732 716 1770 757 a
1816 696 2041 757 senatu
2099 693 2492 776 appellatum
2544 693 2924 778 expulerant

618 820 848 883 resque
895 800 1092 885 uulgo
1151 799 1630 882 inprobabatur.
1722 819 1842 863 nec
1886 798 2171 864 obtinuit
2227 799 2605 864 aduersante
2652 800 2923 883 optima·

620 907 784 970 tium
841 904 1147 969 factione:
1205 926 1480 987 quorum
1535 905 1985 969 auctoritatem
2044 910 2117 968 ut
2172 907 2405 989 quibus
2454 911 2669 989 posset
2716 907 2925 971 modis

621 1013 688 1077 in
749 1013 957 1075 uicem
1016 1012 1436 1095 deminueret,
1495 1016 1762 1095 tropaea
1823 1010 1941 1075 Gai
2000 1011 2164 1076 Mari
2227 1013 2305 1076 de
2358 1012 2675 1098 Iugurtha
2720 1014 2925 1097 deque
2986 1038 3015 1076 5

625 1118 900 1183 Cimbris
957 1123 1149 1201 atque
1195 1117 1505 1182 Teutonis
1552 1118 1707 1182 olim
1770 1142 1807 1182 a
1855 1116 2033 1183 Sulla
2080 1118 2349 1183 disiecta
2400 1121 2686 1184 restituit
2732 1125 2927 1203 atque

625 1227 692 1289 in
756 1224 1106 1289 exercenda
1169 1223 1246 1288 de
1317 1224 1541 1287 sicaris
1605 1225 1981 1307 quaestione
2046 1246 2157 1289 eos
2224 1246 2480 1308 quoque
2544 1225 2926 1291 sicariorum

622 1353 893 1397 numero
936 1330 1194 1414 habuit,
1252 1330 1364 1414 qui
1410 1331 1884 1414 proscriptione
1933 1330 2013 1395 ob
2070 1331 2273 1395 relata
2320 1332 2561 1397 ciuium
2606 1331 2931 1395 Romano-

623 1460 766 1503 rum
828 1440 1042 1522 capita
1098 1438 1404 1521 pecunias
1463 1458 1542 1501 ex
1601 1439 1847 1501 aerario
1911 1442 2313 1520 acceperant,
2375 1460 2761 1522 quamquam
2824 1459 2928 1502 ex-

521 1540 604 1605 12
625 1550 846 1630 ceptos
894 1544 1184 1609 Cornelis
1239 1544 1508 1629 legibus.
1601 1543 1985 1607 subornauit
2038 1546 2227 1608 etiam
2289 1545 2402 1628 qui
2449 1542 2607 1609 Gaio
2654 1544 2929 1609 Rabirio
2960 1571 3019 1611 ιο

624 1652 1082 1735 perduellionis
1147 1652 1315 1715 diem
1375 1650 1646 1733 diceret,
1706 1672 1833 1733 quo
1904 1652 2251 1735 praecipuo
2317 1651 2609 1725 adiutore
2678 1652 2932 1735 aliquot

627 1764 776 1823 ante
814 1780 1015 1823 annos
1051 1756 1210 1822 Luci
1243 1756 1573 1821 Saturnini
1614 1756 1989 1821 seditiosum
2030 1758 2428 1822 tribunatum
2468 1763 2727 1822 senatus
2754 1778 2931 1823 coer-

629 1871 864 1946 cuerat,
911 1886 984 1929 ac
1029 1869 1202 1929 sorte
1250 1864 1437 1928 iudex
1484 1865 1553 1927 in
1597 1885 1779 1928 reum
1829 1864 2059 1928 ductus
2103 1868 2238 1928 tam
2286 1865 2516 1948 cupide
2553 1864 2934 1929 condemna·

630 1973 746 2054 uit,
791 1975 865 2036 ut
912 1971 991 2035 ad
1036 1972 1348 2055 populum
1395 1972 1781 2055 prouocanti
1836 1971 2003 2035 nihil
2048 1992 2247 2054 aeque
2296 1994 2371 2036 ac
2417 1970 2645 2035 iudicis
2692 1970 2935 2035 acerbi-

526 2072 612 2138 13
634 2084 732 2145 tas
779 2078 1112 2162 profuerit.
1187 2077 1476 2161 deposita
1521 2077 1891 2159 prouinciae
1938 2098 2050 2161 spe
2087 2078 2536 2161 pontificatum
2576 2078 2931 2149 maximum
2964 2102 3017 2143 ιε

629 2185 794 2270 petit
849 2206 982 2249 non
1036 2184 1172 2247 sine
1219 2183 1671 2267 profusissima
1725 2184 2095 2269 largitione:
2153 2184 2223 2247 in
2268 2206 2396 2268 qua
2450 2189 2755 2269 reputans
2802 2207 2935 2248 ma-

633 2291 1034 2378 gnitudinem
1100 2290 1264 2354 aeris
1323 2289 1546 2373 alieni,
1614 2312 1757 2354 cum
1804 2312 1990 2355 mane
2047 2290 2125 2355 ad
2186 2291 2449 2355 comitia
2506 2291 2933 2374 descenderet,

631 2398 1022 2482 praedixisse
1077 2397 1268 2461 matri
1326 2397 1644 2461 osculanti
1712 2396 1917 2461 fertur
1983 2397 2277 2461 domum
2336 2420 2412 2461 se
2466 2398 2621 2461 nisi
2678 2396 2933 2479 ponti-

635 2506 864 2570 ficem
910 2526 1058 2567 non
1107 2524 1609 2567 reuersurum.
1685 2507 1877 2586 atque
1917 2504 2007 2567 ita
2043 2504 2527 2587 potentissimos
2567 2503 2725 2567 duos
2764 2524 2936 2567 com-

633 2613 941 2696 petitores
1000 2610 1402 2693 multumque
1459 2614 1524 2673 et
1579 2614 1787 2673 aetate
1848 2613 1910 2672 et
1968 2610 2283 2693 dignitate
2342 2609 2787 2675 antecedentes
2834 2632 2933 2673 su·
2964 2634 3018 2673 20

634 2720 905 2803 perauit‚
949 2721 1024 2780 ut
1067 2716 1255 2800 plura
1301 2718 1440 2800 ipse
1488 2717 1553 2780 in
1593 2738 1815 2781 eorum
1854 2716 2153 2781 tribubus
2191 2718 2497 2801 suffragia
2536 2738 2726 2800 quam
2764 2720 2933 2780 uter-

637 2848 759 2909 que
806 2826 872 2887 in
923 2824 1222 2889 omnibus
1270 2823 1511 2888 tulerit.

533 2924 620 2990 14
819 2931 1086 2995 Praetor
1146 2935 1423 3012 creatu8‚
1487 2930 1738 2994 detecta
1803 2930 2244 2994 coniuratione
2310 2928 2620 2994 Catilinae
2684 2935 2936 2994 senatu-

639 3062 761 3123 que
817 3040 1119 3103 uniuerso
1183 3037 1252 3100 in
1310 3037 1517 3101 socios
1576 3036 1882 3100 facinoris
1937 3035 2229 3101 ultimam
2274 3041 2598 3101 statuente
2642 3058 2937 3121 poenam,

639 3146 815 3211 solus
869 3143 1316 3227 municipatim
1364 3143 1741 3207 diuidendos
1799 3142 2377 3226 custodiendosque
2432 3143 2777 3227 publicatis
2828 3143 2935 3207 bo·
2964 3165 3014 3210 ιο

638 3254 740 3315 nis
789 3253 1052 3315 censuit.
1147 3251 1304 3332 quin
1351 3255 1416 3313 et
1460 3254 1714 3313 tantum
1764 3253 2005 3313 metum
2054 3250 2273 3313 iniecit
2309 3251 2635 3333 asperiora
2672 3249 2936 3314 suaden-

640 3358 842 3440 tibus,
898 3356 1244 3420 identidem
1302 3360 1631 3420 ostentans
1688 3360 1929 3438 quanta
1984 3378 2094 3419 eos
2149 3357 2217 3420 in
2272 3362 2600 3440 posterum
2656 3380 2693 3419 a
2748 3356 2937 3441 plebe

639 3464 932 3528 Romana
978 3467 1266 3528 maneret
1309 3462 1571 3546 inuidia,
1618 3468 1690 3526 ut
1737 3462 2070 3525 Decimum
2122 3461 2411 3528 Silanum
2458 3465 2785 3528 consulem
2832 3463 2937 3527 de-

641 3571 968 3655 signatum
1014 3591 1147 3633 non
1202 3570 1489 3654 piguerit
1545 3571 1927 3633 sententiam
1989 3591 2195 3651 suam,
2256 3572 2407 3652 quia
2454 3574 2701 3635 mutare
2748 3574 2937 3653 turpe

643 3681 796 3759 erat,
844 3677 1372 3759 interpretatione
1419 3674 1638 3759 lenire,
1686 3675 1865 3739 uelut
1913 3676 2174 3760 grauius
2214 3681 2405 3759 atque
2452 3677 2588 3760 ipse
2636 3678 2938 3741 sensisset
2964 3694 3016 3735 so

571 3794 602 3841 2
643 3790 988 3866 exceptam.
1065 3782 1447 3846 obtinuisset
1493 3782 1651 3845 adeo
1699 3783 2087 3848 transductis
2137 3783 2262 3847 iam
2311 3784 2390 3848 ad
2438 3806 2503 3847 se
2540 3784 2835 3867 pluribus
2873 3788 2939 3847 et

789 4133 820 4179 3
851 4143 996 4195 quae
1024 4143 1111 4178 res
1145 4126 1338 4180 Modd.
1370 4126 1552 4179 delens
1582 4124 1734 4192 quod
1768 4125 2132 4178 Alexandrini
2162 4144 2330 4194 usque
2360 4127 2691 4196 expulerant
2835 4128 2937 4179 stn—

645 4206 989 4277 probabatur
1025 4210 1093 4272 Y,
1139 4205 1490 4275 improbatur
1529 4204 1673 4273 (inp-
1703 4204 1796 4274 Μ)
1822 4206 1913 4259 rel.
2062 4206 2398 4273 optimatum
2442 4206 2577 4259 TI)
2598 4208 2646 4260 T
2782 4214 2815 4261 5
2854 4206 2937 4259 di-

645 4288 923 4341 minueret
968 4292 1025 4340 Χ
1029 4287 1112 4340 11²
1257 4291 1289 4339 8
1336 4302 1566 4339 numero
1589 4317 1657 4324 —
1686 4284 2063 4338 Romanorum
2119 4302 2218 4339 om.
2268 4290 2315 4339 ‘1'
2366 4290 2677 4355 (propterea
2732 4287 2831 4355 qui
2878 4289 2938 4341 in

639 4376 762 4437 post
801 4384 1022 4436 quoque
1059 4368 1186 4421 add.
1219 4369 1301 4432 H,
1352 4366 1791 4434 condempnauit
1828 4364 1925 4434 qui
1962 4382 2063 4433 per
2097 4383 2207 4434 pro
2244 4382 2465 4435 quoque
2503 4368 2857 4435 interpolant}
2886 4368 2938 4436 ρ)

650 4453 714 4501 10
763 4445 982 4500 sabinio
1031 4455 1147 4516 (-no
1205 4448 1273 4514 T)
1326 4446 1442 4499 GT
1611 4451 1675 4498 11
1726 4445 1941 4498 aiutore
1992 4445 2102 4512 211¹,
2154 4449 2383 4499 auctore
2435 4446 2567 4499 GX‘
2740 4452 2802 4499 16
2841 4462 2939 4515 pe-

645 4527 742 4581 tiit
787 4530 833 4579 T
971 4544 1079 4580 non
1111 4534 1237 4595 post
1275 4542 1390 4594 qua
1427 4526 1554 4579 add.
1599 4524 1649 4578 G
