3259 5209
868 1627 951 1712 O.
1018 1625 1459 1712 SVETONI
1523 1626 2159 1729 TRANQVILLI

682 1798 890 1895 DE
961 1798 1363 1896 VITA
1435 1795 2327 1896 CAESARVM

1329 2005 1547 2060 LIBER
1582 2005 1689 2059 V'II

721 2152 1113 2235 GALBA
1252 2153 1561 2235 OTHO
1703 2152 2309 2235 VITELLIVS

1335 2309 1390 2375 G
1410 2310 1471 2374 A
1490 2310 1543 2375 L
1565 2311 1619 2374 B
1639 2311 1697 2374 A

544 2506 887 2593 Progenies
951 2505 1291 2570 Caesarum
1355 2508 1421 2570 in
1482 2504 1739 2570 Nerone
1800 2506 2058 2569 defecit:
2129 2507 2301 2589 quod
2369 2508 2657 2573 futurum
2690 2506 2726 2572 1

365 2613 800 2698 compluribus
848 2612 1103 2696 quidem
1153 2613 1375 2698 signis,
1423 2613 1532 2676 sed
1571 2614 1676 2677 uel
1715 2613 2216 2677 euidentissimis
2256 2613 2507 2677 duobus
2555 2637 2661 2699 ap-

363 2722 594 2804 paruit.
676 2719 898 2784 Liuiae
944 2720 1100 2783 olim
1146 2724 1296 2804 post
1342 2719 1623 2805 Augusti
1674 2721 1891 2783 statim
1942 2720 2198 2802 nuptias
2228 2718 2657 2785 Veientanum

366 2849 548 2891 suum
599 2828 903 2891 reuisenti
949 2828 1426 2910 praeteruolans
1474 2826 1690 2910 aquila
1727 2826 2033 2912 gallinam
2082 2826 2292 2890 albam
2340 2827 2659 2891 ramulum

312 2955 336 2997 5
364 2932 531 2996 lauri
577 2937 788 2997 rostro
844 2937 1198 3016 tenentem,
1243 2933 1333 2995 ita
1389 2937 1463 2996 ut
1508 2938 1833 3016 rapuerat,
1890 2933 2145 2997 demisit
2202 2934 2269 2997 in
2317 2934 2661 3019 gremium3

365 3062 636 3123 cumque
680 3039 909 3104 nutriri
951 3039 1186 3123 alitem,
1231 3040 1426 3123 pangi
1475 3040 1792 3104 ramulum
1832 3040 2194 3123 placuisset,
2242 3043 2420 3103 tanta
2457 3040 2663 3123 pullo·

363 3169 508 3210 rum
549 3145 803 3210 suboles
840 3147 1157 3230 prouenit,
1196 3150 1268 3209 ut
1303 3147 1625 3230 hodieque
1663 3169 1737 3209 ea
1775 3148 1931 3210 uilla
1968 3146 2056 3209 ad
2096 3145 2441 3210 Gallinas
2481 3169 2664 3211 uoce—

363 3256 488 3335 tur,
534 3252 661 3317 tale
706 3273 860 3316 uero
897 3254 1237 3334 lauretum,
1283 3258 1355 3316 ut
1392 3253 1851 3336 triumphaturi
1892 3252 2191 3317 Caesares
2230 3253 2377 3316 inde
2414 3253 2662 3317 laureas

367 3358 800 3442 decerperent3
865 3359 1115 3442 fuitque
1164 3381 1304 3422 mos
1351 3359 1920 3441 triumphantibus,
1968 3359 2125 3423 alias
2172 3360 2507 3423 confestim
2560 3382 2661 3424 eo-

512 3568 538 3612 1
564 3578 680 3628 sqq.
706 3559 889 3614 Victor
910 3561 1056 3615 Caes.
1077 3566 1127 3626 5,
1147 3565 1215 3614 17
1237 3560 1328 3613 hic
1349 3560 1476 3612 finis
1495 3559 1791 3613 Caesarum
1811 3561 1970 3629 genti
1992 3561 2125 3614 fuit:
2149 3578 2314 3629 quem
2336 3561 2453 3615 fore
2472 3563 2660 3631 prodi-

365 3640 587 3709 giorum
623 3639 804 3693 multa
831 3640 1236 3694 denuntiauere
1274 3641 1688 3708 praecipueque
1718 3657 1906 3694 eorum
1945 3641 2194 3709 praediis
2224 3658 2481 3697 arescens
2517 3642 2664 3696 lauri

365 3737 562 3774 nemus
600 3719 851 3773 dicatum
889 3719 1371 3788 triumphantibus
1410 3723 1581 3787 atque
1620 3720 1882 3774 interitus
1922 3720 2289 3789 gallinarum,
2338 3738 2483 3791 quae
2521 3723 2662 3776 adeo

364 3800 578 3854 multae
615 3799 889 3867 albaeque
927 3803 1087 3853 erant
1123 3800 1482 3869 aptioresque
1510 3799 1898 3869 religionibus,
1935 3803 2002 3853 ut
2039 3802 2108 3854 iis
2139 3802 2351 3856 Romae
2388 3803 2664 3856 habeatur

366 3879 536 3934 hodie
562 3879 732 3933 locus.
808 3882 1045 3949 Eutrop.
1088 3881 1211 3934 VII
1233 3885 1318 3946 15,
1348 3884 1381 3934 3
1411 3881 1470 3932 in
1500 3898 1564 3933 eo
1595 3881 1776 3933 omnis
1805 3881 2049 3949 Augusti
2084 3880 2303 3935 familia
2332 3885 2664 3952 consumpta

367 3960 454 4012 est
505 3960 682 4029 (Hier.
725 3961 906 4014 chron.
946 3978 997 4014 a.
1035 3965 1184 4014 2084
1236 3962 1384 4015 Oros.
1428 3960 1549 4014 VII
1582 3964 1631 4026 7,
1663 3964 1767 4028 13).
1870 3961 2039 4014 Schol.
2081 3964 2209 4015 qu.
2244 3966 2297 4027 4,
2328 3966 2402 4015 38
2449 3962 2505 4014 ἰιι
2563 3962 2663 4015 illo

368 4039 667 4094 Caesarum
704 4039 861 4108 origo
900 4040 1122 4093 defecit.
1199 4042 1266 4106 cf.
1297 4043 1508 4094 Auson.
1537 4044 1667 4107 266,
1698 4047 1728 4095 1

512 4225 542 4271 2
581 4218 674 4273 uel
711 4236 810 4272 om,
849 4221 897 4271 Τ
921 4220 1113 4289 (uuly.)
1243 4224 1270 4270 ”1
1313 4219 1477 4271 hodie
1508 4235 1731 4286 quoque
1760 4221 1822 4271 H
1856 4220 2067 4289 (uuly.),
2104 4218 2272 4271 hodie
2301 4222 2359 4270 X
2476 4224 2507 4271 9
2538 4228 2667 4288 post

369 4301 733 4368 decerperent
766 4301 1008 4366 spatium
1046 4316 1234 4353 uersus
1271 4301 1440 4352 unius
1485 4307 1533 4353 et
1570 4300 1795 4353 dimidii
1829 4316 2069 4353 uacuum
2105 4299 2350 4352 relictwm
2386 4302 2449 4352 in
2488 4302 2562 4354 M

369 4380 590 4448 fuitque
627 4395 747 4433 mos
783 4379 1266 4447 triumphantibus
1305 4380 1403 4433 del.
1436 4381 1670 4450 Bentley
1707 4382 1884 4449 leyen-s
1921 4380 2283 4447 decerperent
2321 4380 2378 4432 et
2414 4378 2556 4433 alias
2581 4423 2589 4433 .
2616 4423 2661 4434 ..

370 4462 706 4531 pangerent;
744 4460 1099 4514 obseruatum
1130 4462 1217 4512 est
1246 4460 1303 4512 et
1332 4459 1434 4512 sub
1462 4477 1562 4527 eqs.
1712 4459 1878 4530 alias]
1910 4476 2004 4512 eas
2032 4460 2280 4528 Lipsius,
2308 4458 2437 4512 illas
2466 4461 2661 4515 Burm.

360 4547 588 4611 propter
624 4541 773 4594 Ptin.
812 4548 927 4594 nat.
957 4541 1079 4594 hist.
1114 4540 1235 4593 XV
1259 4544 1365 4593 136
1382 4557 1459 4607 sq.
