3259 5209
633 451 765 518 336
1327 450 1388 506 c,
1426 449 1743 507 stTom
1779 449 2222 516 TRANQVILLI

631 621 887 699 reptum
916 617 1102 702 graui
1130 613 1505 697 ualitudine,
1544 615 1726 699 prius
1755 637 1946 698 quam
1976 616 2168 699 plane
2195 615 2445 680 efflaret
2472 617 2772 698 animam,
2809 637 2926 700 pro

634 728 891 788 mortuo
939 722 1143 786 deseri
1189 722 1407 806 iussit3
1456 721 1959 806 defunctumque
2006 721 2185 785 nullo
2223 726 2674 807 praeterquam
2711 745 2928 787 conse-

634 830 938 896 crationis
993 830 1237 895 honore
1294 829 1621 915 dignatus,
1683 849 1871 913 saepe
1927 829 2122 892 etiam
2177 829 2416 914 carpsit
2461 829 2746 914 obliquis
2792 853 2930 894 ora·

635 937 922 1002 tionibus
970 941 1035 1002 et
1079 937 1319 1000 edictis.

560 1045 604 1110 3
814 1043 992 1108 Inter
1053 1044 1241 1108 initia
1304 1043 1704 1127 principatus
1768 1042 2003 1108 cotidie
2057 1048 2372 1107 secretum
2433 1043 2561 1108 sibi
2625 1043 2930 1108 horarum

632 1173 881 1216 sumere
938 1151 1191 1216 solebat
1244 1171 1361 1214 nec
1418 1149 1763 1236 quicquam
1811 1151 2086 1234 amplius
2133 1172 2325 1234 quam
2373 1172 2623 1216 muscas
2671 1155 2932 1236 captare

632 1279 703 1321 ac
760 1257 909 1321 stilo
971 1260 1315 1341 praeacuto
1363 1258 1702 1343 configere,
1759 1261 1836 1321 ut
1891 1257 2142 1322 cuidam
2188 1258 2633 1344 interroganti,
2679 1265 2934 1322 essetne

634 1364 779 1447 quis
835 1365 1010 1429 intus
1058 1386 1203 1429 cum
1252 1363 1537 1448 Caesare,
1597 1385 1728 1428 non
1774 1363 2048 1428 absurde
2093 1385 2470 1449 responsum
2517 1365 2603 1429 sit
2648 1387 2686 1430 a
2731 1364 2934 1430 Vibio

635 1469 890 1555 Crispo,
933 1494 1024 1536 ne
1071 1492 1400 1537 muscam
1449 1471 1770 1555 quidem.
1855 1471 2081 1535 deinde
2127 1493 2394 1536 uxorem
2432 1470 2806 1556 Domitiam,
2853 1493 2932 1536 ex

634 1600 764 1662 qua
810 1578 877 1642 in
926 1578 1205 1642 secundo
1254 1599 1369 1642 suo
1427 1577 1763 1642 consulatu
1819 1577 2025 1642 filium
2081 1578 2317 1642 tulerat
2373 1577 2703 1662 alteroque
2758 1601 2933 1644 auno

631 1689 669 1766 <
676 1735 914 1749 ......
916 1687 975 1768 >,
1022 1684 1459 1750 consalutauit
1510 1683 1903 1770 Augustam3
1972 1684 2240 1748 eandem
2285 1684 2534 1750 Paridis
2593 1685 2932 1750 histrionis

634 1813 852 1857 amore
891 1791 1282 1875 deperditam
1322 1791 1690 1876 repudiauit
1725 1793 2024 1877 intraque
2061 1791 2258 1857 breue
2303 1795 2561 1877 tempus
2607 1794 2933 1876 inpatiens

635 1899 889 1965 discidii
937 1899 1121 1982 quasi
1169 1898 1566 1983 efflagitante
1615 1897 1858 1982 populo
1903 1898 2176 1962 reduxit.

562 2023 593 2069 ⁶2
814 2005 996 2070 Circa
1043 2005 1664 2069 administrationem
1713 2008 1924 2069 autem
1973 2005 2228 2089 imperii
2275 2005 2669 2090 aliquamdiu
2717 2029 2786 2071 se
2825 2029 2936 2070 ua-

633 2115 799 2178 rium
839 2113 1181 2197 praestitit,
1226 2114 1510 2176 mixtura
1545 2132 1802 2197 quoque
1841 2111 2162 2196 aequabili
2206 2113 2516 2177 uitiorum
2563 2117 2758 2196 atque
2803 2115 2934 2176 uir-

632 2225 865 2302 tutum,
912 2219 1113 2284 donec
1161 2219 1433 2282 uirtutes
1480 2241 1738 2304 quoque
1786 2219 1852 2281 in
1895 2219 2060 2282 uitia
2097 2219 2384 2283 deflexit:
2431 2223 2744 2303 quantum
2781 2241 2932 2284 con-

632 2329 869 2392 iectare
905 2328 1075 2408 licet,
1114 2347 1307 2409 super
1344 2326 1587 2410 ingenii
1626 2331 1918 2390 naturam
1959 2325 2178 2411 iuopia
2215 2348 2431 2409 rapax,
2467 2331 2644 2392 metu
2681 2347 2932 2391 saeuus.

560 2433 606 2499 4
814 2432 1193 2516 Spectacula
1237 2433 1489 2496 assidue
1535 2432 1877 2518 magnifica
1922 2437 1986 2496 et
2034 2437 2408 2516 sumptuosa
2454 2432 2657 2499 edidit
2689 2454 2823 2498 non
2861 2435 2930 2497 in

636 2539 1111 2624 amphitheatro
1156 2538 1368 2620 modu,
1417 2559 1640 2602 uerum
1688 2543 1753 2602 et
1798 2540 1866 2602 in
1913 2539 2099 2622 circO,
2145 2539 2257 2603 ubi
2294 2543 2547 2623 praeter
2585 2539 2931 2605 sollemnes

777 2740 941 2802 5sqq.
966 2733 1147 2786 Victor
1164 2733 1310 2786 Caes.
1330 2737 1458 2791 11‚5
1480 2731 1684 2786 dehinc
1709 2734 1868 2785 atrox
1897 2733 2161 2785 caedibus
2181 2733 2452 2786 bonorum
2473 2733 2773 2802 segnisque
2791 2733 2930 2785 ridi-

632 2813 755 2868 cule
800 2813 1029 2866 remotis
1076 2811 1269 2881 procul
1317 2810 1575 2864 omnibus
1623 2827 1940 2864 muscarum
1987 2811 2215 2881 agmina
2260 2812 2702 2882 persequebatur
2747 2816 2822 2880 (u.
2853 2813 2932 2866 ad

626 2913 683 2963 p.
715 2899 842 2959 352,
872 2895 980 2961 18).
1058 2897 1146 2958 11,
1177 2897 1212 2945 6
1250 2891 1490 2959 hincque
1517 2891 1766 2944 iocorum
1796 2892 2088 2960 pleraque:
2127 2909 2258 2946 nam
2290 2894 2647 2961 percontanti
2683 2892 2930 2956 cuidam,

632 2974 984 3044 quispiamne
1023 2972 1413 3041 (quisquamne
1451 2973 1564 3026 cod.
1596 2975 1666 3037 P,
1705 2973 1883 3042 Epic.)
1923 2973 1978 3025 in
2018 2972 2232 3041 palatio
2261 2975 2426 3038 esset,
2463 2991 2816 3042 responsum:
2857 2990 2930 3027 ne

630 3070 823 3108 musca
851 3053 1097 3120 quidem,
1127 3051 1235 3105 nisi
1264 3051 1409 3106 forte
1438 3052 1589 3121 apud
1617 3051 1962 3121 palaestram
1981 3054 2120 3120 (sim.
2139 3053 2294 3122 Epic.
2313 3060 2398 3120 11,
2416 3059 2466 3108 6.
2481 3057 2554 3124 8).
2668 3060 2728 3106 11
2749 3055 2933 3110 Victor

634 3136 781 3191 Caes.
802 3141 884 3202 11,
902 3140 935 3188 7
954 3150 1123 3187 uxore
1141 3176 1152 3185 .
1174 3176 1183 3186 .
1204 3175 1233 3196 .,
1264 3149 1410 3200 quae
1430 3148 1675 3185 amorem
1707 3131 1992 3185 histrionis
2021 3132 2144 3186 uiro
2170 3133 2533 3202 praetulerat.
2591 3135 2747 3202 Epic.
2763 3140 2846 3200 11,
2863 3141 2930 3188 11

631 3231 801 3268 uxore
838 3213 1087 3267 Domitia
1123 3213 1194 3266 ob
1242 3227 1489 3265 amorem
1526 3211 1746 3265 Paridis
1794 3212 2081 3266 histrionis
2122 3229 2156 3266 a
2201 3213 2456 3282 principe
2499 3214 2779 3268 cruciatus
2815 3213 2930 3268 for-

630 3295 901 3348 midante.
1050 3300 1114 3347 14
1131 3310 1251 3360 sqq.
1282 3294 1517 3361 Eutrop.
1560 3293 1678 3345 VII
1698 3297 1790 3358 23,
1820 3298 1849 3346 1
1891 3311 1943 3346 u.
1975 3293 2052 3345 acl
2081 3311 2137 3361 p.
2170 3298 2292 3360 341,
2324 3300 2390 3348 15

776 3479 801 3524 1
846 3471 1065 3525 afflaret
1086 3472 1190 3525 Μδ
1298 3472 1543 3524 animam
1572 3489 1674 3525 om.
1709 3471 1758 3524 G
1868 3477 1900 3524 5
1935 3471 2100 3525 initia
2125 3474 2304 3538 TNo,
2339 3473 2485 3526 uitia
2506 3474 2857 3529 MHGLPO

631 3557 854 3620 tempus
885 3552 1145 3605 horarum
1176 3571 1225 3616 ς,
1256 3551 1515 3604 horarum
1548 3550 1792 3618 spatium
1823 3553 1921 3605 Ioh
1969 3552 2238 3606 San-saber.
2278 3553 2477 3608 Polior.
2509 3553 2620 3607 III
2641 3559 2726 3620 14,
2766 3552 2930 3606 hora-

632 3631 777 3684 rium
808 3632 957 3701 παῖς.
988 3633 1089 3698 (ecl.
1122 3631 1277 3686 Rom.
1310 3633 1381 3685 ΙΙ
1408 3633 1532 3685 Ven.
1566 3634 1605 3685 I
1608 3635 1646 3700 ),
1683 3631 1952 3684 lararium
1981 3633 2054 3686 Is.
2081 3633 2316 3698 Vossius,
2353 3650 2639 3687 naviter-um
2665 3634 2930 3690 excidisse

624 3719 793 3780 putat
840 3711 1071 3765 Casaub.
1122 3713 1211 3778 (cf.
1260 3713 1410 3765 Nero
1439 3715 1528 3778 37)
1721 3718 1751 3764 6
1801 3727 2074 3765 summere
2106 3715 2179 3767 M
2368 3711 2633 3784 amplius]
2679 3713 2836 3766 aliud
2864 3713 2933 3765 H

633 3797 663 3843 9
694 3807 943 3844 muscam
974 3791 1215 3864 MHLo,
1244 3808 1436 3845 musca
1464 3792 1556 3846 rel.
1586 3799 1638 3845 et
1665 3792 1732 3844 N
1754 3794 1840 3860 (cf.
1867 3794 2057 3846 testim.
2085 3796 2276 3861 supra)
2390 3797 2455 3845 10
2484 3793 2752 3864 secundo]
2780 3793 2928 3846 VIII.

636 3871 905 3926 Graevius
1043 3877 1105 3924 11
1128 3871 1507 3925 consalutauit
1530 3873 1674 3927 Roth
1695 3873 1953 3926 lacunam
1973 3879 2098 3940 post
2117 3871 2324 3926 tulerat
2341 3880 2604 3939 statuens,
2632 3873 2929 3927 consulatu

631 3951 923 4006 filium***
951 3952 1039 4004 uit
1058 3951 1165 4020 (uit
1192 3955 1253 4006 in
1272 3969 1381 4006 raa
1404 3960 1529 4020 post
1550 3956 1583 4005 3
1604 3954 1693 4006 uel
1720 3958 1752 4006 4
1773 3954 1874 4006 litt.
1904 3956 2108 4020 erasas)
2133 3955 2200 4007 M
2220 3953 2401 4020 (deest
2419 3951 2637 4022 aliquid
2664 3955 2726 4006 in
2756 3971 2926 4024 near-9.

631 4033 806 4086 adscr.
836 4049 905 4086 m.
934 4037 1076 4101 rec),
1116 4031 1567 4087 consalutauerat
1601 4035 1669 4084 ut
1705 4038 1761 4084 X
1784 4035 2002 4102 (aalys),
2042 4033 2364 4086 consulatus
2403 4035 2510 4102 (-tu
2543 4035 2616 4103 R)
2654 4033 2832 4087 filium
2870 4037 2928 4087 et

636 4115 764 4179 Gn
820 4114 1075 4166 hionnam
1133 4114 1291 4166 uarie
1341 4114 1759 4180 suppleuemm:
1811 4113 2098 4181 alteroque
2149 4130 2296 4167 anno
2347 4113 2420 4167 ab
2472 4114 2582 4168 hoc
2631 4113 2926 4168 consulatu

629 4193 829 4246 filiam:
870 4193 1182 4262 Augustam
1213 4211 1315 4260 eqs.
1351 4193 1637 4256 Graevius,
1675 4192 1848 4246 filiam
1885 4193 2094 4246 tulerat
2131 4193 2420 4261 alteroque
2458 4212 2604 4248 anno
2642 4194 2820 4248 filium
2861 4211 2928 4249 ac

631 4273 1087 4328 consalutauerat
1115 4273 1257 4342 Aug.
1287 4273 1443 4338 Oud„
1473 4271 1764 4340 alteroque
1794 4291 1938 4326 anno
1967 4272 2140 4326 filiam
2170 4273 2548 4328 consalutauit
2574 4275 2639 4328 A.
2673 4275 2926 4346 Madvig,

630 4353 979 4420 alterumque
1019 4353 1240 4422 imperii
1270 4353 1446 4406 altero
1485 4368 1630 4404 anno
1665 4355 1984 4418 Mommsen,
2022 4354 2312 4423 alteroque
2351 4371 2400 4408 a.
2430 4370 2600 4422 quam
2628 4355 2926 4424 imperium

632 4433 872 4501 adeptus
928 4437 1013 4487 est
1068 4434 1258 4486 amisit
1312 4451 1405 4502 eqo
1460 4434 1786 4487 coniecerant
1843 4435 2032 4487 Herm.
2072 4439 2144 4489 36
2183 4453 2240 4502 p.
2277 4439 2390 4489 292
2573 4441 2638 4488 13
2695 4435 2926 4489 discidit

634 4513 983 4582 MJ²6(S¹?)‚
1042 4514 1263 4567 dissidii
1302 4515 1351 4568 T
1530 4519 1593 4566 15
1632 4514 1986 4582 mixturaque
2023 4515 2256 4582 Lipsius
2299 4519 2427 4582 fort.
2465 4523 2624 4580 recte,
2681 4515 2926 4568 mixtura

632 4610 805 4662 prope
828 4595 1074 4663 Bentley,
1103 4595 1349 4647 mixtura
1378 4595 1497 4662 (del.
1521 4597 1762 4662 quoque)
1795 4596 2061 4648 th'c‘cheler
2207 4601 2270 4648 18
2301 4595 2600 4662 magnifica
2629 4595 2854 4650 assidue
2882 4599 2934 4649 Τ

2966 1605 3018 1644 10

2965 2141 3020 2178 15
