3259 5209
1002 408 1218 474 Dlvvs
1255 419 1639 475 AVGVSTVS
1679 432 1807 481 [cst.
1843 432 2070 480 loo—101]
2555 419 2680 484 117

378 584 615 668 uiginti
662 584 976 668 proximis
1022 585 1207 649 annis
1247 583 1682 668 quaterdecies
1722 584 1929 648 milies
1969 606 2045 646 ex
2084 584 2489 647 testamentis
2527 583 2682 647 ami-

378 711 603 754 corum
657 690 1077 775 percepisset,
1138 690 1313 774 quod
1375 712 1575 774 paene
1638 712 1825 754 omne
1888 712 2034 755 cum
2091 690 2340 753 duobus
2395 691 2681 774 paternis

378 798 786 881 patrimoniis
841 798 1194 880 ceterisque
1248 797 1714 862 hereditatibus
1771 798 1835 861 in
1893 820 2024 861 rem
2087 818 2147 879 p.
2195 796 2680 880 absumpsisset.

374 901 577 967 Iulias
623 904 825 968 filiam
869 909 1276 988 neptemque,
1325 905 1380 967 si
1427 903 1580 988 quid
1618 903 1699 967 iis
1737 902 2090 985 accidisset,
2135 904 2346 968 uetuit
2385 904 2680 987 sepulcro

321 1028 347 1067 ⁵
377 1030 497 1073 suo
548 1011 784 1074 inferri.
874 1011 1083 1074 tribus
1132 1010 1589 1096 uoluminibus,
1636 1033 1765 1075 uno
1815 1010 2116 1074 mandata
2166 1010 2243 1074 de
2291 1009 2513 1074 funere
2563 1031 2678 1074 suo

288 1563 344 1600 10

376 1116 754 1199 complexus
810 1121 936 1200 est,
999 1118 1201 1183 altero
1258 1117 1533 1183 indicem
1590 1140 1802 1181 rerum
1861 1140 1898 1180 a
1954 1139 2021 1181 se
2078 1122 2432 1201 gestarum,
2489 1138 2680 1201 quem

375 1222 574 1288 uellet
630 1222 824 1287 incidi
880 1225 950 1287 in
1004 1225 1213 1288 aeneis
1260 1224 1527 1306 tabulis,
1583 1246 1746 1308 quae
1800 1229 1946 1287 ante
1993 1222 2397 1287 Mausoleum
2445 1226 2682 1286 statue·

374 1334 617 1408 rentur,
662 1329 854 1394 tertio
892 1330 1282 1394 breuiarium
1323 1331 1523 1395 totius
1572 1331 1844 1413 imperii,
1882 1335 2194 1413 quantum
2236 1331 2517 1393 militum
2560 1313 2679 1392 sub

376 1436 581 1522 signis
630 1436 869 1520 ubique
917 1443 1110 1521 esset,
1158 1443 1467 1521 quantum
1515 1437 1825 1521 pecuniae
1872 1438 1939 1500 in
1987 1438 2231 1501 aerario
2281 1440 2345 1500 et
2389 1434 2568 1500 fiscis
2617 1439 2682 1498 et

376 1542 870 1629 uectigaliorum
935 1543 1226 1608 residuis.
1327 1543 1558 1607 adiecit
1633 1549 1697 1606 et
1769 1541 2146 1606 libertorum
2216 1562 2680 1624 seruorumque

375 1651 658 1734 nomina,
707 1673 744 1714 a
790 1651 1026 1735 quibus
1072 1650 1238 1714 ratio
1286 1650 1457 1736 exigi
1504 1654 1741 1734 posset.

519 1851 552 1896 4
591 1841 786 1896 iuliam
829 1843 880 1896 G
1061 1845 1119 1895 et
1147 1851 1275 1911 post
1311 1843 1493 1896 uetuit
1530 1843 1658 1896 add.
1705 1844 1756 1897 V
1924 1849 1955 1916 5
1996 1840 2076 1894 De
2116 1841 2296 1895 tribus
2330 1845 2378 1894 Τ
2551 1845 2579 1892 7
2620 1839 2678 1892 in

374 1942 476 1978 om.
513 1924 621 1978 GT
655 1925 738 1991 (in
762 1925 812 1977 G
843 1923 1121 1991 praecedit
1156 1924 1217 1976 in
1255 1922 1387 1991 dici)
1535 1922 1712 1976 altero
1745 1927 1872 1991 post
1908 1921 2119 1975 tabulis
2159 1922 2288 1976 add.
2325 1922 2376 1975 V
2513 1936 2679 1988 quem

377 2004 506 2058 ΜΗ
651 2009 683 2056 9
721 2007 870 2057 esset
906 2003 1175 2069 1113821’,
1213 2007 1398 2056 essent
1437 2004 1527 2057 rel.
1561 2005 1684 2070 (uix
1722 2004 1802 2056 ita
1841 2003 2010 2070 Suet.)
2158 2001 2299 2055 uicis
2342 2002 2391 2055 G

518 2085 718 2140 subscr.
783 2100 831 2136 c.
869 2084 1092 2137 suetoni
1138 2082 1428 2151 tranquilli
1484 2083 1552 2136 de
1605 2083 1729 2136 uita
1781 2099 1974 2136 caesar
2024 2085 2334 2150 (caesarum
2387 2082 2458 2149 V)
2513 2080 2679 2133 diuus

373 2181 505 2234 aug.
556 2163 753 2233 explic.
804 2163 1047 2233 (august’
1096 2163 1326 2232 explicit
1367 2165 1437 2231 V)
1485 2163 1688 2232 incipit
1733 2162 1969 2216 tiberius
2017 2161 2258 2216 feliciter
2291 2162 2423 2216 MV
2462 2167 2513 2215 et
2559 2163 2677 2214 sim.

377 2245 561 2309 GHR,
599 2244 660 2296 in
699 2245 896 2312 quib-us
932 2244 1061 2297 add.
1092 2242 1237 2296 liber
1263 2243 1463 2296 tertius
1494 2241 1755 2310 (feliciter
1783 2260 1882 2296 om.
1916 2245 2050 2311 HR)
2201 2242 2365 2294 diuus
2404 2242 2680 2310 augustus

376 2323 622 2392 explicit.
682 2323 882 2392 incipit
927 2323 1163 2377 tiberius
1210 2323 1354 2377 liber
1400 2323 1606 2376 tercius
1655 2322 1899 2375 feliciter
1940 2323 1986 2392 Q
2131 2321 2365 2391 explicit
2410 2320 2557 2374 liber
2595 2336 2680 2373 se-

374 2403 606 2457 cundus,
664 2402 868 2472 incipit
914 2403 983 2456 de
1021 2402 1225 2457 tiberio
1264 2401 1360 2455 lib.
1391 2401 1468 2455 111
1507 2402 1558 2456 L
1597 2409 1647 2456 et
1683 2404 1801 2456 sim.
1839 2404 1888 2455 T
2033 2402 2266 2472 explicit
2303 2402 2338 2454 1.
2371 2401 2437 2455 ΙΙ.
2476 2400 2681 2469 incipit

375 2484 578 2537 tertius
617 2483 661 2537 S
798 2484 957 2536 ‘nulla
993 2483 1195 2537 subscr.
1235 2484 1297 2536 in
1335 2485 1392 2537 P
