3259 5209
645 447 775 512 206
1347 449 1402 504 C.
1445 449 1759 505 SVETONI
1795 450 2241 516 TRANQVILLI

645 611 858 676 studio
899 612 1267 676 sciscitandi
1306 614 1600 696 quisnam
1640 620 1824 700 esset,
1862 615 2314 701 ad[co]gnouit
2352 619 2837 698 extractumque
2882 619 2947 678 et

643 739 796 802 prae
854 723 1029 783 metu
1085 720 1166 783 ad
1213 741 1422 805 genua
1476 721 1603 785 sibi
1660 720 2055 786 adcidentem
2114 723 2567 806 imperatorem
2616 721 2945 785 salutauit.

643 824 794 889 hinc
849 826 925 889 ad
985 825 1146 890 alios
1202 827 1673 892 commilitones
1732 828 2101 892 fluctuantis
2156 850 2273 892 nec
2332 827 2673 911 quicquam
2733 828 2947 892 adhuc

645 955 837 1015 quam
883 933 1218 996 frementis
1264 934 1580 1018 perduxit.
1666 935 1745 998 ab
1792 934 1895 998 his
1943 935 2205 998 lecticae
2254 936 2594 1018 impositus
2642 939 2734 1018 et,
2792 937 2947 1017 quia

643 1039 740 1104 sui
790 1040 1204 1126 diffugerant,
1259 1041 1548 1105 uicissim
1605 1042 2107 1106 succollantibus
2163 1043 2230 1105 in
2286 1046 2496 1105 castra
2542 1041 2791 1104 delatus
2848 1048 2949 1104 est
3008 1065 3037 1104 ε»

644 1147 850 1211 tristis
905 1169 980 1210 ac
1036 1147 1353 1232 trepiduS,
1411 1148 1754 1212 miserante
1811 1149 2007 1213 obuia
2062 1149 2253 1212 turba
2301 1148 2483 1232 quasi
2540 1148 2620 1211 ad
2665 1169 2944 1231 poenam

575 1266 604 1312 3
645 1258 978 1337 raperetur
1021 1255 1258 1318 insons.
1343 1260 1636 1339 receptus
1693 1255 1864 1319 intra
1920 1255 2162 1320 uallum
2210 1257 2379 1320 inter
2421 1255 2728 1320 excubias
2778 1254 2946 1318 mili-

643 1364 780 1423 tum
837 1361 1268 1444 pernoctauit‚
1333 1363 1662 1445 aliquanto
1720 1363 1969 1427 minore
2027 1385 2139 1446 spe
2206 1384 2398 1445 quam
2458 1362 2709 1425 fiducia.
2794 1385 2943 1425 nam

643 1467 936 1532 consules
983 1490 1126 1531 cum
1175 1473 1402 1532 senatu
1448 1474 1512 1532 et
1549 1468 1925 1532 cohortibus
1964 1469 2227 1533 urbanis
2266 1469 2479 1534 forum
2520 1467 2945 1552 Capitolium—

643 1596 765 1656 que
813 1579 1288 1658 occupauerant
1335 1576 1640 1639 asserturi
1684 1597 2086 1640 communem
2127 1576 2523 1660 libertatem3
2569 1576 2944 1658 accitusque
2974 1599 3033 1636 ιο

641 1686 706 1744 et
752 1681 891 1763 ipse
938 1703 1055 1764 per
1092 1686 1169 1745 tr.
1211 1681 1299 1764 pl.
1338 1683 1404 1745 in
1444 1682 1682 1747 curiam
1728 1682 1806 1746 ad
1845 1683 2166 1748 suadenda
2214 1704 2375 1766 quae
2422 1682 2815 1764 uiderentur,
2864 1683 2943 1744 ui

569 1799 602 1845 4
642 1809 716 1850 se
765 1791 838 1851 et
884 1788 1352 1852 necessitate
1407 1791 1656 1852 teneri
1704 1789 2053 1873 respondit.
2138 1810 2361 1854 uerum
2408 1793 2665 1872 postero
2727 1787 2829 1851 die
2878 1793 2944 1850 et

641 1898 860 1957 senatu
913 1896 1204 1980 segniore
1263 1895 1326 1957 in
1375 1896 1762 1978 exequendis
1810 1895 2147 1960 conatibus
2193 1917 2311 1978 per
2364 1894 2647 1960 taedium
2694 1916 2767 1958 ac
2818 1894 2941 1958 dis-

639 2001 1000 2065 sensionem
1064 2001 1319 2066 diuersa
1373 2003 1771 2066 censentium
1828 2009 1894 2066 et
1949 2001 2390 2084 multitudine,
2451 2023 2612 2085 quae
2668 2001 2939 2065 circum·

641 2107 881 2191 stabat,
936 2130 1132 2171 unum
1193 2113 1506 2173 rectorem
1555 2110 1684 2173 iam
1733 2115 1797 2174 et
1843 2111 2227 2174 nominatim
2275 2113 2681 2193 exposcente,
2735 2130 2939 2171 arma·
2969 2131 3025 2170 15

640 2218 740 2277 tos
786 2237 906 2297 pro
955 2215 1254 2278 contione
1301 2216 1508 2279 iurare
1566 2217 1635 2279 in
1679 2237 1914 2280 nomen
1964 2239 2146 2281 suum
2198 2237 2423 2300 passus
2472 2219 2569 2279 est
2614 2215 2939 2298 promisit-

639 2341 761 2402 que
823 2321 1094 2406 singulis
1157 2323 1354 2404 quina
1415 2323 1577 2387 dena
1644 2325 1963 2406 sestertia,
2029 2325 2275 2407 primus
2338 2321 2679 2387 Caesarum
2742 2322 2935 2385 fidem

639 2426 864 2490 militis
912 2427 1106 2491 etiam
1153 2430 1441 2511 praemio
1487 2431 1880 2514 pigneratus

533 2534 613 2600 ll
815 2531 1097 2618 Imperio
1146 2536 1434 2600 stabilito
1481 2537 1645 2600 nihil
1694 2538 2021 2620 antiquius
2072 2537 2254 2599 duxit
2294 2558 2485 2618 quam
2534 2537 2599 2599 id
2646 2535 2936 2618 biduum,

638 2661 764 2722 quo
814 2641 891 2703 de
936 2642 1244 2705 mutando
1291 2643 1384 2706 rei
1429 2665 1490 2726 p.
1540 2648 1715 2707 statu
1759 2643 2143 2707 haesitatum
2196 2648 2357 2723 erat,
2415 2644 2759 2706 memoriae
2806 2644 2931 2706 exi·
2964 2665 3019 2702 20

637 2769 822 2811 mere.
918 2749 1204 2812 omnium
1263 2750 1480 2831 itaque
1535 2751 1857 2814 factorum
1914 2751 2363 2832 dictorumque
2422 2749 2483 2810 in
2544 2771 2619 2814 eo
2675 2750 2933 2813 ueniam

635 2858 698 2916 et
763 2853 1156 2918 obliuionem
1233 2856 1298 2918 in
1364 2860 1748 2938 perpetuum
1814 2855 2026 2920 sanxit
2091 2878 2161 2919 ac
2227 2856 2579 2940 praestitit,
2653 2856 2931 2919 tribunis

634 2961 826 3024 modo
873 2982 947 3024 ac
994 2961 1474 3026 centurionibus
1529 2962 1752 3045 paucis
1799 2985 1833 3025 e
1882 2963 2361 3026 coniuratorum
2418 2963 2485 3025 in
2540 2961 2771 3026 Gaium
2819 2984 2928 3024 nu·

777 3105 943 3168 Ssqq.
989 3102 1173 3154 Victor
1204 3102 1350 3156 Caes.
1375 3107 1424 3168 3,
1449 3107 1614 3170 18311.
1648 3101 1797 3168 quod
1828 3099 1923 3153 ubi
1957 3105 2144 3169 patres
2185 3117 2467 3170 accepere,
2507 3103 2743 3154 mittunt
2772 3101 2929 3153 ocius

634 3179 681 3233 si
719 3179 978 3233 ualerent
1015 3197 1212 3232 ausum
1261 3182 1642 3249 comprimere.
1731 3181 1828 3234 sed
1868 3185 2167 3249 postquam
2204 3182 2379 3234 uariis
2426 3183 2739 3250 taetrisque
2782 3180 2929 3232 sedi-

633 3260 880 3313 tionibus
935 3259 1139 3314 ciuitas
1187 3262 1486 3328 cunctique
1535 3261 1758 3315 ordines
1801 3260 2223 3328 lacerabantur,
2270 3263 2546 3330 tanquam
2585 3278 2651 3314 ex
2690 3259 2927 3329 imperio

635 3356 825 3392 omnes
879 3340 1082 3393 dedere
1145 3358 1218 3394 se.
1306 3342 1602 3395 01-0s.V11
1636 3346 1835 3410 6‚3sq.
1886 3359 2012 3394 cum
2070 3342 2370 3395 interfecto
2424 3339 2685 3412 Caligula
2745 3340 2927 3392 multa

635 3419 704 3471 de
743 3419 1068 3486 abrogando
1108 3420 1344 3488 imperio
1385 3437 1450 3474 ac
1487 3437 1547 3474 re
1585 3420 1813 3490 publica
1850 3421 1910 3473 in
1949 3422 2245 3489 antiquum
2284 3421 2537 3475 ordinem
2573 3421 2927 3474 restituenda

633 3500 1050 3567 euerrendaque
1096 3501 1321 3567 penitus
1370 3499 1672 3554 Caesarum
1719 3501 1983 3554 uniuersa
2028 3501 2250 3554 familia
2296 3505 2524 3554 senatus
2574 3504 2632 3554 et
2671 3499 2926 3554 consules

633 3579 1030 3642 decreuissent,
1070 3579 1337 3632 Claudius
1375 3598 1503 3634 mox
1533 3584 1596 3633 ut
1633 3583 1987 3634 confirmauit
2025 3582 2341 3650 imperium,
2377 3597 2587 3650 magna
2616 3583 2787 3650 atque
2826 3580 2927 3631 ad-

631 3658 741 3711 huc
771 3658 981 3711 Romae
1019 3659 1309 3728 incognita
1347 3678 1479 3712 usus
1519 3660 1845 3727 clementia,
1885 3677 1955 3714 ne
1993 3661 2053 3713 in
2089 3665 2311 3715 tantam
2356 3661 2631 3714 nobilium
2668 3661 2925 3713 multitu-

631 3738 820 3790 dinem
857 3738 1026 3801 ultio,
1067 3741 1112 3792 si
1153 3745 1298 3794 esset
1337 3745 1560 3809 coepta,
1601 3742 1871 3806 saeuiret,
1912 3743 1965 3808 (l.
1998 3749 2085 3810 19)
2115 3741 2349 3794 biduum
2385 3741 2555 3808 illud,
2585 3759 2695 3808 quo
2736 3741 2806 3793 de
2844 3741 2925 3792 rei

627 3817 893 3886 publicae
922 3823 1073 3872 statu
1104 3819 1405 3874 infeliciter
1426 3821 1805 3874 consultatum
1835 3825 2135 3890 actumque
2156 3823 2357 3888 fuerat,
2386 3821 2689 3875 memoriae
2718 3821 2927 3873 exemit

630 3898 986 3966 omniumque
1017 3899 1294 3953 factorum
1314 3901 1661 3954 dictorumue
1702 3902 1759 3953 in
1798 3918 1861 3954 eo
1902 3902 2125 3955 ueniam
2157 3906 2213 3955 et
2250 3901 2589 3955 obliuionem
2628 3902 2685 3953 in
2725 3917 2925 3970 perpe-

627 3981 789 4030 tuum
827 3979 1024 4032 sanxit.

776 4101 799 4146 1
833 4096 1176 4162 adcognouit
1205 4101 1346 4157 (acc-
1373 4095 1582 4164 GwR)
1605 4100 1675 4161 Ω,
1714 4098 1950 4165 agnouit
1976 4099 2062 4156 Τς
2094 4099 2183 4166 (cf.
2213 4101 2359 4167 Any.
2383 4101 2491 4164 65),
2518 4097 2663 4151 *delet
2686 4097 2923 4166 Made-iq

629 4175 803 4242 leyens
841 4179 1150 4229 extractum
1190 4180 1246 4229 et
1390 4177 1467 4246 et]
1510 4191 1574 4229 ac
1608 4177 1657 4229 G
1808 4183 1867 4229 11
1911 4178 1967 4229 in
2017 4179 2229 4230 curiam
2268 4196 2367 4232 om.
2395 4179 2446 4230 G
2595 4183 2658 4230 12
2696 4181 2921 4244 postero

627 4271 760 4308 uero
800 4255 892 4308 die
932 4261 1130 4309 senatu
1168 4259 1214 4308 Τ
1392 4263 1456 4308 13
1497 4256 1843 4310 dissensione
1878 4258 1929 4310 G
2113 4263 2175 4310 15
2217 4274 2342 4310 eum
2382 4261 2645 4326 poscente
2686 4257 2917 4310 casaub.

627 4339 872 4389 armatos
903 4339 1024 4404 HQ,
1066 4341 1314 4389 armatus
1345 4338 1434 4390 rel.
1469 4341 1583 4404 (Ω),
1622 4339 1701 4390 sic
1730 4343 1778 4390 et
1809 4344 1915 4389 tum
1950 4338 2122 4390 iurari
2152 4340 2385 4406 Bentley
2532 4342 2595 4389 17
2634 4336 2920 4404 quindena

630 4417 791 4480 GST,
830 4435 896 4468 xx
931 4418 1159 4470 Ernesti
1315 4422 1378 4468 18
1416 4417 1626 4470 milites
1671 4418 1911 4482 Malea,
1958 4418 2150 4470 multis
2186 4421 2251 4482 Π,
2290 4417 2383 4470 uel
2420 4417 2591 4469 militi
2638 4416 2839 4470 militis
2878 4417 2925 4469 Y

626 4502 694 4547 20
724 4500 846 4549 erat
883 4515 982 4550 om.
1019 4499 1066 4548 (ι’
1259 4503 1321 4548 ‘21
1365 4497 1715 4550 ‹lictorumue
1750 4498 1796 4551 G
1838 4499 2052 4566 (Oros),
2091 4500 2158 4563 cf.
2183 4517 2241 4566 p.
2272 4503 2401 4562 20⁸,
2440 4501 2508 4550 21
2714 4503 2779 4548 23
2828 4495 2917 4567 ac]

627 4592 659 4627 a
691 4579 840 4630 Mes
987 4595 1016 4630 e
1055 4596 1153 4632 om.
1198 4579 1390 4642 MGX,
1428 4579 1552 4644 fort.
1585 4595 1651 4629 cx
