3259 5209
1016 411 1236 464 DIVVS
1275 409 1630 465 CLAVDIVS
1671 421 1801 471 [cn.
1832 422 2007 472 u—ss]
2526 409 2657 475 225

355 575 766 659 imperium
801 574 1153 658 requirens.
1227 573 1408 638 nulla
1445 574 1604 638 adeo
1652 574 1953 658 suspicit),
1998 574 2217 638 nullus
2254 577 2479 638 auctor
2522 553 2761 638 tam3¹7

355 680 523 745 leuis
573 681 818 763 extitit,
872 703 910 745 a
958 701 1086 764 quo
1135 702 1266 745 non
1313 680 1620 744 mediocri
1668 681 1969 766 scrupulo
2028 681 2261 745 iniecto
2307 679 2389 744 ad
2434 701 2657 744 cauen-

359 788 514 851 dum
563 787 1126 870 ulciscendumque
1174 785 1683 870 compelleretur.
1768 809 1934 852 unus
1974 809 2051 850 ex
2087 787 2529 872 litigatoribus
2566 789 2659 852 se-

363 893 558 958 ducto
607 893 674 956 in
719 893 1110 958 salutatione
1155 891 1526 977 affirmauit,
1573 893 1815 958 uidisse
1860 915 1927 958 se
1974 915 2089 978 per
2127 895 2409 980 quietem
2456 894 2659 960 occidi

301 1025 330 1064 ⁵
363 1023 512 1064 eum
559 1023 598 1062 a
644 999 950 1085 quodam3
997 1000 1146 1064 dein
1189 999 1386 1084 paulo
1431 1003 1600 1084 post,
1648 1001 1832 1084 quasi
1879 1022 2321 1084 percussorem
2359 1021 2659 1087 agnosce-

359 1111 478 1190 ret,
523 1105 818 1170 libellum
863 1105 1226 1170 tradentem
1267 1107 1707 1172 aduersarium
1746 1127 1935 1170 sunm
1973 1107 2467 1172 demonstrauit:
2514 1129 2659 1171 con-

359 1215 704 1297 festimque
751 1215 814 1278 is
855 1235 972 1298 pro
1019 1213 1334 1298 deprenso
1385 1213 1467 1276 ad
1512 1235 1787 1298 poenam
1826 1218 2051 1298 raptus
2088 1218 2205 1278 est.
2286 1215 2428 1298 pari
2466 1213 2658 1278 modo
2698 1227 2729 1274 2

361 1343 742 1406 oppressum
787 1321 1006 1386 ferunt
1053 1319 1340 1404 Appium
1389 1318 1708 1386 Silanum:
1765 1343 1955 1406 quem
2013 1343 2159 1386 cum
2205 1319 2551 1386 Messalina
2598 1325 2662 1384 et

363 1427 706 1492 Narcissus
763 1429 1238 1511 conspirassent
1295 1427 1589 1511 perdere,
1656 1427 1883 1493 diuisis
1938 1427 2232 1512 partibus
2288 1427 2454 1491 alter
2512 1431 2660 1491 ante

279 1557 332 1596 ιο
363 1534 572 1599 lucem
628 1533 860 1598 similis
914 1535 1193 1599 attonito
1253 1535 1510 1618 patroni
1572 1533 1935 1598 cubiculum
1995 1535 2269 1619 inrupit,
2328 1535 2663 1598 affirmans

363 1643 717 1706 somniasse
755 1663 822 1705 se
861 1642 996 1704 uim
1026 1642 1086 1705 ei
1124 1640 1204 1704 ab
1235 1639 1451 1724 Appio
1489 1639 1786 1725 inlatam3
1828 1640 2029 1705 altera
2068 1643 2135 1705 in
2172 1641 2661 1705 admirationem

361 1749 640 1813 formata
699 1747 824 1812 sibi
884 1767 1142 1832 quoque
1203 1749 1470 1812 eandem
1533 1749 1812 1831 speciem
1871 1747 2120 1832 aliquot
2180 1750 2309 1812 iam
2363 1747 2662 1812 noctibus

363 1855 696 1919 obuersari
753 1855 1034 1939 rettulit3
1093 1877 1214 1920 nec
1271 1855 1480 1920 multo
1538 1859 1687 1938 post
1747 1877 1825 1918 ex
1883 1855 2241 1940 composito
2299 1857 2663 1939 inrumpere

371 1961 620 2046 Appius
663 1962 1018 2045 nuntiatus,
1066 1963 1170 2026 cui
1215 1961 1424 2046 pridie
1472 1961 1552 2025 ad
1599 1962 1667 2025 id
1712 1963 2023 2046 temporis
2069 1966 2144 2026 ut
2188 1962 2440 2026 adesset
2484 1983 2663 2046 prae-

279 2091 334 2130 ιι
363 2072 622 2152 ceptum
683 2071 848 2152 erat,
908 2069 1094 2150 quasi
1153 2067 1345 2153 plane
1399 2072 1991 2151 repraesentaretur
2041 2068 2275 2133 somnii
2330 2067 2516 2150 fides,
2568 2089 2663 2132 ar-

365 2175 527 2238 cessi
584 2176 802 2240 statim
862 2196 936 2238 ac
994 2175 1163 2240 mori
1225 2174 1440 2240 iussus
1501 2181 1611 2240 est.
1697 2196 1815 2240 nec
1873 2174 2197 2239 dubitauit
2252 2178 2511 2259 postero
2560 2175 2661 2238 die

367 2279 675 2345 Claudius
721 2281 1012 2346 ordinem
1069 2283 1162 2346 rei
1221 2286 1442 2368 gestae
1496 2282 1779 2366 perferre
1834 2283 1914 2346 ad
1970 2285 2263 2346 senatum
2309 2301 2384 2346 ac
2429 2280 2664 2346 liberto

363 2389 606 2472 gratias
643 2409 850 2474 agere,
898 2388 1070 2472 quod
1117 2410 1236 2473 pro
1283 2388 1494 2452 salute
1541 2410 1659 2452 sua
1704 2389 1897 2452 etiam
1936 2387 2261 2453 dormiens
2303 2387 2662 2452 excubaret.

363 2493 496 2558 irae
543 2497 738 2579 atque
775 2494 1140 2558 iracundiae
1181 2496 1478 2558 conscius
1517 2494 1661 2578 sibi,
1708 2498 2047 2579 utramque
2085 2495 2417 2558 excusauit
2454 2494 2663 2560 edicto
2677 2485 2769 2552 38

283 2601 818 2686 ”distinxitquffi
871 2599 1202 2684 pollicitus
1249 2600 1578 2665 alteram
1625 2600 1927 2684 quidem
1976 2600 2281 2666 breuem
2329 2605 2403 2664 et
2447 2601 2663 2665 inno-

365 2709 593 2791 xiam,
630 2707 950 2772 alteram
987 2729 1138 2772 non
1178 2707 1548 2771 iniustam
1589 2708 1771 2773 fore.
1864 2705 2294 2792 Ostiensibus,
2341 2708 2494 2792 quia
2540 2707 2663 2771 sibi

365 2813 672 2878 subeunti
693 2812 980 2878 Tiberim
1009 2811 1284 2898 scaphas
1309 2814 1566 2877 obuiam
1596 2835 1728 2878 non
1756 2814 2069 2899 miserint,
2098 2813 2384 2898 grauiter
2414 2834 2661 2896 correp·
2729 2843 2737 2850 ’

365 2921 449 2984 tis
488 2941 688 3004 eaque
727 2941 872 2984 cum
911 2919 1178 3004 inuidia,
1223 2923 1296 2983 ut
1337 2920 1404 2983 in
1445 2921 1734 2984 ordinem
1776 2942 1843 2984 se
1882 2923 2175 2988 coactum
2215 2919 2665 3004 conscriberet,

365 3031 626 3110 repente
664 3031 916 3092 tautum
961 3048 1096 3090 non
1133 3026 1632 3092 satisfacientis
1672 3027 1860 3092 modo
1898 3027 2153 3092 ueniam
2202 3026 2393 3090 dedit.
2476 3046 2665 3110 quos·
2704 3037 2735 3083 2

285 3155 336 3196 ιε
367 3133 512 3197 dam
575 3134 644 3196 in
701 3132 963 3217 publico
1023 3155 1250 3217 parum
1317 3133 1703 3216 tempestiue
1763 3133 2057 3196 adeuntis
2116 3153 2309 3196 manu
2366 3153 2483 3196 sua
2527 3153 2665 3215 rep-

365 3239 553 3324 pulit.
638 3240 792 3303 item
849 3240 1130 3305 scribam
1188 3240 1632 3323 quaestorium
1690 3241 1973 3323 itemque
2027 3243 2327 3322 praetura
2372 3238 2667 3302 functum

365 3351 724 3410 senatorem
771 3347 1097 3412 inauditos
1144 3351 1210 3410 et
1257 3346 1556 3412 innoxios
1602 3347 1935 3434 relegauit,
1984 3347 2155 3430 quod
2202 3344 2311 3409 ille
2358 3345 2665 3408 aduersus

364 3453 694 3537 priuatum
750 3473 818 3517 se
873 3453 1410 3538 intemperantius
1457 3453 1774 3536 affuisset,
1818 3453 1927 3517 hic
1972 3454 2039 3516 in
2088 3451 2413 3516 aedilitate
2460 3452 2667 3535 inqui-

512 3655 538 3701 1
563 3665 682 3716 sqq.
724 3647 908 3701 Victor
938 3645 1088 3700 Caes.
1117 3652 1170 3713 4,
1191 3653 1225 3701 9
1265 3647 1587 3712 Claudium,
1624 3647 1712 3700 uti
1750 3663 1919 3715 supra
1956 3645 2264 3710 docuimus,
2302 3648 2505 3699 natura
2541 3661 2665 3713 per-

367 3727 794 3782 formidulosum
839 3727 1048 3780 iniecto
1096 3731 1250 3780 metu
1305 3727 1389 3781 sui
1429 3727 1761 3796 agitabant,
1798 3727 2040 3780 maxime
2080 3725 2506 3789 coniurationis,
2554 3741 2665 3793 quo

368 3811 684 3862 commento
720 3806 912 3861 liberti
950 3807 1140 3874 etiam,
1180 3824 1320 3876 quos
1359 3806 1588 3874 uellent,
1627 3807 1913 3876 perditum
1948 3805 2127 3860 ibant.

513 3983 546 4029 2
585 3977 780 4030 existit
803 3976 854 4031 G
963 3982 996 4029 4
1026 3994 1086 4030 se
1114 3977 1328 4030 uidisse
1347 3978 1410 4029 Π
1434 3977 1627 4046 (uulq.)
1750 3981 1777 4028 7
1811 3976 2119 4044 depremso
2144 3977 2217 4029 M
2238 3986 2291 4027 (n
2315 3978 2375 4028 in
2396 3979 2540 4041 ras),
2572 3974 2665 4026 de-

369 4057 643 4127 prehenso
668 4056 828 4112 GXR
847 4058 932 4126 (in
952 4057 1006 4111 R
1033 4074 1102 4110 ss.
1123 4055 1155 4108 *1⁷
1175 4057 1469 4126 deprenso)
1583 4062 1645 4108 11
1680 4055 1823 4109 alter
1845 4057 1973 4110 MX
2075 4055 2448 4107 admiratione
2472 4057 2665 4123 (amm-

369 4137 507 4204 128²,
536 4137 742 4190 affirm·
773 4138 852 4206 P)
873 4137 1044 4192 G-XN
1187 4143 1251 4190 12
1291 4137 1516 4190 firmata
1546 4139 1651 4205 (-to
1682 4138 1768 4206 N)
1791 4139 1907 4189 XN
2050 4141 2113 4187 15
2155 4135 2331 4187 arceri
2364 4143 2434 4186 'ac
2473 4134 2666 4186 statim

369 4218 600 4286 Lipsius
711 4221 774 4270 17
805 4216 1008 4270 liberto
1031 4233 1131 4270 suo
1157 4217 1207 4270 G
1323 4221 1388 4269 19
1419 4219 1658 4283 utraque
1688 4219 1745 4281 T,
1774 4219 2075 4282 utrumque
2096 4231 2129 4273 ς
2160 4216 2351 4283 (utalq.)
2463 4220 2523 4266 21
2558 4213 2667 4267 sibi

369 4314 470 4352 om.
501 4301 558 4351 X
740 4301 807 4350 28
845 4312 915 4350 ea
952 4299 1074 4366 (om.
1106 4304 1236 4366 que)
1272 4297 1323 4351 Gr
1515 4296 1822 4349 ascriberet
1860 4313 1909 4360 ς,
1950 4297 2382 4362 conquereretur
2421 4295 2667 4362 Bentley,

369 4376 638 4431 scriberet
666 4377 812 4432 Roth
921 4383 988 4429 24
1017 4376 1308 4442 facientib;
1335 4378 1403 4443 G,
1431 4377 1702 4430 facientes
1723 4378 1830 4446 HQ
1938 4376 2104 4428 modo
2132 4375 2355 4428 ueniam
2386 4391 2417 4434 ς
2448 4375 2666 4443 (Tora),

369 4457 592 4511 ueniam
629 4457 796 4510 modo
825 4459 878 4510 Ω.
1015 4463 1081 4510 26
1121 4457 1272 4510 idem
1309 4457 1606 4512 MGLPS¹
1740 4457 2013 4527 itemque]
2050 4455 2185 4508 item
2218 4458 2275 4507 X
2404 4459 2469 4506 27
2510 4469 2669 4506 sena-

369 4539 552 4591 torum
587 4539 658 4592 M

475 4636 748 4676 svs-roxem
776 4636 846 4676 ed.
875 4637 898 4676 Ι
911 4637 1012 4676 hm.
1065 4637 1103 4675 1.
2178 4629 2241 4675 15
