3259 5209
1128 383 1581 438 DOMITIANVS
1618 397 1752 446 [cu.
1781 401 1821 440 3.
1851 396 1894 446 4]
2523 385 2652 450 337

354 549 651 634 bigarum
745 529 1329 636 quadrigarumque
1413 570 1637 613 cursus
1719 549 2038 634 proelium
2119 551 2318 614 etiam
2399 551 2657 636 duplex,

352 660 655 739 equestre
720 676 796 721 ac
853 656 1164 740 pedestre,
1225 655 1575 740 commisit3
1639 660 1708 721 at
1769 656 1837 720 in
1893 654 2370 738 amphitheatro
2425 660 2656 722 nauale

356 784 630 847 quoque.
712 785 861 827 nam
906 763 1281 828 uenationes
1328 761 1844 848 gladiatoresque
1891 767 1956 828 et
2001 763 2302 829 noctibus
2351 763 2432 828 ad
2475 762 2658 848 lych-

355 869 629 948 nuchos,
676 892 795 934 nec
830 871 1118 934 uirorum
1169 869 1359 934 modo
1406 891 1676 954 pugnas,
1725 869 1835 934 sed
1881 874 1946 934 et
1991 870 2393 936 feminarum.
2475 893 2652 955 prae-

298 999 328 1045 s
358 985 534 1042 terea
590 976 973 1061 quaestoriis
1027 975 1429 1059 muneribus,
1489 999 1650 1060 quae
1708 975 1862 1041 olim
1921 977 2162 1042 omissa
2217 982 2655 1060 reuocauerat,

354 1085 447 1148 ita
492 1105 746 1168 semper
790 1083 1101 1167 interfuit,
1147 1087 1221 1148 ut
1265 1082 1504 1166 populo
1551 1087 1936 1168 potestatem
1987 1084 2226 1150 faceret
2272 1083 2426 1148 bina
2471 1085 2655 1169 paria

356 1213 392 1254 e
436 1213 553 1256 suo
601 1189 753 1255 ludo
801 1188 1167 1274 postulandi
1216 1211 1415 1274 eaque
1460 1191 1816 1254 nouissima
1861 1191 2070 1256 aulico
2117 1195 2433 1276 apparatu
2471 1190 2653 1254 indu-

354 1301 543 1363 ceret.
634 1318 708 1362 ac
768 1319 881 1381 per
936 1318 1123 1361 omne
1178 1295 1609 1381 gladiatorum
1666 1297 2100 1380 spectaculum
2161 1301 2307 1362 ante
2354 1297 2548 1382 pedes
2595 1298 2656 1362 ei
2698 1311 2729 1360 2

354 1404 571 1470 stabat
600 1401 905 1488 puerulus
934 1403 1299 1472 coccinatus
1328 1425 1530 1487 paruo
1560 1407 2069 1488 portentosoque
2091 1406 2318 1489 capite,
2348 1427 2496 1470 cum
2525 1426 2655 1489 quo

274 1535 327 1575 ιο
356 1513 707 1596 plurimum
752 1510 1183 1593 fabulabatur,
1226 1531 1710 1594 nonnumquam
1757 1512 1940 1574 seri0.
2026 1512 2284 1576 auditus
2332 1515 2428 1576 est
2467 1515 2662 1600 certe,

358 1619 511 1684 dum
562 1641 641 1683 ex
687 1639 761 1682 eo
814 1617 1083 1702 quaerit,
1130 1617 1401 1700 ecquid
1462 1619 1725 1699 sciret,
1781 1637 1913 1682 cur
1961 1615 2112 1682 sibi
2162 1620 2406 1684 uisum
2455 1625 2662 1682 esset

359 1725 849 1790 ordinatione
933 1726 1279 1808 proxima
1351 1722 1704 1810 Aegypto
1789 1725 2220 1809 praeficere
2303 1724 2656 1790 Mettium

357 1829 651 1896 Rufum.
717 1817 916 1896 edidit
942 1829 1190 1899 naualis
1219 1838 1471 1918 pugnas
1499 1852 1698 1913 paene
1727 1831 2040 1896 iustarum
2075 1833 2394 1914 classium,
2424 1832 2657 1897 effosso

358 1943 422 2002 et
468 1939 955 2003 circumstructo
996 1939 1177 2002 iuxta
1212 1935 1494 2001 Tiberim
1530 1939 1696 2020 lacu,
1741 1941 1935 2022 atque
1981 1939 2149 2002 inter
2195 1939 2508 2003 maximos
2545 1940 2662 2004 im-

274 2067 329 2110 1⁶
358 2045 506 2110 bres
551 2043 1000 2128 perspectauit.

534 2150 715 2216 Fecit
775 2155 840 2215 et
892 2150 1079 2216 ludos
1134 2150 1508 2232 saeculareS,
1562 2155 1932 2234 computata
1991 2153 2240 2216 ratione
2287 2157 2654 2235 temporum
2701 2165 2734 2212 3

358 2259 439 2322 ad
484 2281 722 2323 annum
766 2279 898 2322 non
946 2279 1072 2341 quo
1113 2255 1414 2321 Claudius
1452 2257 1760 2340 proxime,
1807 2257 1918 2322 sed
1957 2279 2085 2342 quo
2125 2257 2279 2323 olim
2319 2258 2657 2344 Augustus

360 2365 669 2447 ediderat3
728 2363 799 2428 in
856 2363 937 2428 iis
994 2364 1378 2429 circensium
1431 2363 1560 2446 die,
1622 2386 1749 2448 quo
1810 2364 2064 2429 facilius
2123 2371 2376 2431 centum
2424 2368 2657 2431 missus

364 2475 839 2557 peragerentur,
894 2470 1184 2557 singulos
1238 2493 1273 2536 e
1320 2469 1599 2554 septenis
1661 2471 1888 2556 spatiis
1945 2473 2026 2536 ad
2085 2473 2282 2556 quina
2329 2473 2658 2557 corripuit.

277 2600 333 2640 ιο
538 2577 831 2645 Instituit
866 2582 929 2642 et
968 2576 1442 2661 quinquennale
1479 2581 1798 2642 certamen
1839 2575 2202 2662 Capitolino
2231 2577 2376 2644 Ioui
2403 2581 2662 2663 triplex,
2704 2593 2738 2639 4

360 2686 677 2751 musicum
746 2689 1040 2768 equestre
1110 2686 1509 2770 gymnicum,
1592 2689 1656 2748 et
1723 2685 2052 2768 aliquanto
2125 2687 2406 2770 plurium
2470 2708 2662 2770 quam

359 2814 532 2857 nunc
611 2797 707 2856 est
780 2795 1247 2856 coronatorum.
1354 2792 1686 2856 certabant
1744 2792 1914 2856 enim
1977 2797 2039 2856 et
2110 2814 2301 2875 prosa
2372 2793 2662 2856 oratione

363 2897 599 2964 Graece
644 2899 998 2982 Latineque
1044 2921 1119 2964 ac
1156 2902 1409 2981 praeter
1445 2897 1850 2962 citharoedos
1889 2897 2459 2964 chorocitharistae
2499 2922 2656 2985 quo-

363 3027 487 3090 que
542 3009 605 3069 et
661 3004 1217 3090 psilocitharistae,
1277 3006 1345 3068 in
1398 3004 1607 3069 stadio
1665 3027 1817 3069 uero
1875 3026 2062 3070 cursu
2110 3007 2305 3070 etiam
2354 3006 2660 3093 uirgines.

286 3133 341 3173 25
371 3111 705 3176 certamini
742 3109 1062 3196 praesedit
1100 3111 1460 3196 crepidatus
1498 3131 1944 3196 purpureaque
1984 3112 2254 3176 amictus
2282 3117 2438 3198 toga
2471 3111 2662 3178 Grae-

362 3219 598 3302 canica,
654 3219 863 3302 capite
918 3222 1175 3304 gestans
1231 3239 1534 3283 coronam
1588 3239 1846 3282 auream
1902 3241 2046 3283 cum
2103 3219 2320 3306 effigie
2365 3217 2544 3284 Iouis
2593 3242 2666 3285 ac

362 3323 629 3389 Iunonis
675 3324 1147 3407 Mineruaeque,
1193 3325 1633 3390 adsidentibus
1681 3325 1855 3390 Diali
1904 3327 2230 3391 sacerdote
2277 3331 2342 3390 et
2389 3327 2666 3413 collegio

508 3487 575 3536 16
614 3483 770 3552 Epit.
802 3488 888 3549 11,
917 3487 986 3536 14
1022 3482 1190 3535 buius
1208 3451 1477 3551 'tempore
1516 3481 1834 3537 saeculares
1872 3483 1995 3537 ludi
2033 3483 2302 3538 celebrati
2342 3489 2488 3540 sunt.

511 3640 536 3685 1
580 3633 787 3703 duplex
834 3633 1003 3688 etiam
1051 3636 1100 3686 Τ
1279 3639 1309 3686 3
1350 3632 1605 3687 lihnucos
1653 3634 1843 3703 (lihin-
1882 3634 2034 3704 11¹0)
2081 3637 2244 3702 Mra,
2297 3636 2554 3691 linuchos
2597 3637 2667 3702 G,

362 3713 653 3767 lichnucos
681 3715 792 3780 fere
817 3715 913 3768 rel.
941 3721 991 3770 et
1018 3713 1102 3766 11²
1129 3716 1461 3782 (corruptius
1490 3715 1636 3781 ΕΤ),
1675 3717 1744 3781 cf.
1776 3716 1882 3770 Iul.
1915 3719 1988 3768 37
2133 3721 2166 3769 5
2203 3718 2482 3785 questoris
2515 3717 2665 3787 11¹0,

364 3793 679 3862 questorib;
714 3795 765 3849 G
933 3796 1260 3847 reuocarent
1292 3797 1375 3861 M,
1414 3799 1597 3848 -carat
1630 3796 1681 3847 T
1706 3796 2017 3862 (Graecina,
2054 3797 2180 3862 fort.
2210 3800 2382 3865 recte),
2423 3799 2602 3852 -caret
2630 3799 2666 3850 δ

368 3880 397 3928 7
437 3889 468 3930 e
504 3891 606 3929 om.
639 3878 699 3928 H
704 3875 773 3944 ’ρ
917 3892 983 3929 ea
1020 3890 1167 3943 quae
1205 3879 1331 3942 (que
1370 3876 1439 3943 T)
1471 3874 1708 3940 POS1T,
1747 3891 1894 3943 quae
1923 3875 2031 3944 HQ
2174 3877 2480 3932 nouissimo
2512 3877 2673 3932 ΡΟΤ

367 3961 431 4008 11
463 3954 667 4022 ecquid
686 3974 719 4014 ς
746 3955 847 4024 (ed.
870 3955 1025 4010 Rom.
1048 3957 1160 4022 ΙΙ),
1184 3957 1240 4008 et
1256 3954 1395 4023 quid
1416 3957 1493 4022 (et
1513 3955 1608 4022 qui
1630 3959 1699 4020 X,
1719 3971 1832 4009 non
1859 3956 1928 4022 T)
1945 3958 1997 4008 Ω
2136 3957 2254 4027 cur]
2285 3956 2425 4025 quid
2452 3958 2574 4025 (qui
2594 3958 2666 4020 R,

366 4037 426 4088 et
460 4035 597 4102 quid
645 4035 798 4104 1⁷)T‘
948 4038 1012 4088 12
1051 4035 1313 4088 mettium
1348 4035 1629 4102 (martium
1659 4035 1728 4098 L,
1767 4038 2018 4092 metuum
2048 4037 2103 4103 ὃ)
2137 4036 2390 4100 GLPse,
2430 4038 2666 4090 metium

368 4115 507 4180 ΜΤ,
535 4115 751 4186 ethium
780 4115 903 4184 HQ,
933 4115 1109 4168 etium
1130 4116 1186 4170 R
1214 4117 1295 4183 (in
1322 4118 1370 4167 T
1386 4115 1670 4183 praecedit
1686 4115 1953 4184 idiceret),
1985 4115 2262 4169 Maecium
2288 4116 2425 4170 Oua.
2459 4119 2666 4185 (Roth),

366 4193 649 4249 Metilium
676 4197 805 4250 olim
836 4197 1214 4264 Dittenberyer
1369 4202 1434 4248 14
1473 4195 1852 4249 circumducto
1890 4196 1936 4265 Q
2079 4195 2228 4248 inter
2273 4197 2567 4267 maximos]
2607 4197 2666 4250 in

366 4275 601 4329 thermis
620 4277 667 4327 Τ
798 4278 863 4328 15
902 4274 1285 4344 prospectauit
1318 4275 1427 4329 HR
1558 4279 1620 4327 17
1661 4275 1734 4329 ab
1763 4289 1911 4328 anno
1931 4274 1995 4328 Y‘
2138 4281 2203 4328 18
2243 4275 2440 4329 diebus
2470 4277 2666 4330 Fried-

369 4355 565 4410 lb'mder
593 4357 971 4425 (Marqu-ardt,
1001 4355 1077 4409 St.
1108 4357 1165 4409 V.
1188 4357 1516 4429 11111516)
1635 4361 1699 4408 21
1740 4355 2022 4424 plui-imm
2051 4355 2122 4407 M
2149 4358 2226 4423 (m
2252 4373 2410 4410 erasa
2437 4364 2502 4410 ut
2527 4357 2674 4424 uid.)

369 4441 437 4487 22
468 4452 795 4488 coronarum
821 4435 1132 4503 Stephanus
1240 4441 1305 4488 23
1336 4436 1424 4506 ac]
1446 4437 1503 4488 et
1536 4436 1589 4489 G-
1711 4441 1779 4489 24
1808 4435 2056 4504 uirgines
2080 4436 2323 4503 Lipsius,
2346 4436 2584 4506 uirginis
2614 4439 2668 4489 Ω

371 4514 565 4585 (etiam
592 4515 877 4584 uirginum
916 4532 961 4568 c.
992 4533 1046 4584 p.
1084 4516 1383 4582 Turnebus)
1531 4521 1597 4568 25
1640 4516 1945 4570 certamine
1981 4517 2142 4569 LPT
2283 4521 2348 4568 27
2390 4515 2539 4570 diale
2575 4518 2640 4572 M
2651 4516 2670 4547 ¹

479 4614 749 4655 svn-romu
779 4615 849 4654 ed.
878 4615 1013 4654 Ihm.
1070 4616 1105 4655 1.
2170 4611 2237 4657 22
