3259 5209
642 428 772 491 246
1343 425 1398 480 C.
1440 425 1753 479 SVETONI
1791 427 2235 492 TRANQVILLI

575 610 606 656 3
644 613 720 656 ac
754 595 904 675 post
941 591 1099 654 haec
1137 594 1390 654 tantum
1429 589 1593 654 afuit
1640 613 1677 653 a
1724 590 2108 655 remittendo
2145 590 2549 674 laxandoque
2588 589 2825 671 studi0,
2872 593 2959 651 ut

647 697 1118 761 conseruandae
1163 697 1342 760 uocis
1389 697 1598 781 gratia
1644 720 1851 781 neque
1898 698 2138 762 milites
2177 719 2501 781 umquam,
2548 697 2673 761 nisi
2713 696 2956 760 absens

644 809 759 867 aut
803 803 931 866 alio
979 802 1178 867 uerba
1222 804 1699 886 pronuntiante,
1745 804 2099 888 appellaret
2144 827 2351 887 neque
2389 803 2733 886 quicquam
2774 803 2957 866 serio

645 911 870 975 iocoue
915 910 1150 995 egerit,
1207 910 1326 972 nisi
1387 914 1636 974 astante
1682 910 2037 994 phonasco,
2095 912 2207 995 qui
2254 914 2543 976 moneret
2590 914 2957 995 parceret

645 1017 961 1081 arteriis
991 1038 1072 1080 ac
1101 1017 1496 1080 sudarium
1525 1018 1613 1080 ad
1655 1038 1733 1082 os
1764 1019 2222 1102 applicaretr,
2258 1018 2611 1100 multisque
2648 1017 2755 1081 uel
2792 1017 2959 1079 ami-
3020 1043 3049 1080 5

647 1125 864 1189 citiam
901 1145 1082 1186 suam
1127 1123 1436 1207 optulerit
1472 1123 1578 1187 uel
1617 1125 2011 1188 simultatem
2062 1125 2385 1207 indixerit,
2432 1127 2629 1209 prout
2674 1123 2957 1206 quisque

648 1252 714 1295 se
761 1231 967 1315 magis
1016 1231 1354 1314 parciusue
1399 1231 1741 1295 laudasset.

540 1339 630 1406 26
828 1335 1280 1418 Petulantiam,
1327 1336 1682 1421 libidinem,
1718 1338 2058 1420 luxuriam,
2097 1338 2456 1421 auaritiam,
2503 1337 2955 1402 crudelitatem

647 1444 881 1507 sensim
953 1443 1212 1525 quidem
1275 1443 1485 1527 primo
1561 1448 1626 1506 et
1702 1445 1952 1508 occulte
2024 1449 2090 1510 et
2154 1446 2333 1508 uelut
2397 1445 2666 1509 iuuenili
2732 1466 2958 1508 errore

648 1549 959 1630 exercuit,
1015 1550 1127 1613 sed
1182 1553 1255 1612 ut
1310 1554 1466 1613 tunc
1521 1572 1779 1633 quoque
1836 1551 2101 1615 dubium
2160 1551 2401 1616 nemini
2454 1553 2627 1616 foret
2678 1556 2960 1615 naturae
2998 1577 3049 1615 ιο

647 1655 760 1718 illa
807 1656 986 1739 uitia,
1032 1677 1163 1719 non
1212 1657 1441 1720 aetatis
1489 1679 1645 1722 esse.
1720 1662 1870 1741 post
1916 1660 2361 1742 crepusculum
2411 1658 2633 1723 statim
2681 1659 2957 1742 adrepto

649 1763 844 1845 pilleo
905 1763 1010 1827 uel
1065 1763 1282 1848 galero
1340 1765 1613 1846 popinas
1667 1765 1873 1828 inibat
1930 1764 2297 1848 circumque
2350 1767 2532 1828 uicos
2588 1764 2960 1850 uagabatur

652 1869 1046 1933 ludibundus
1116 1892 1234 1934 nec
1295 1870 1433 1933 sine
1491 1869 1771 1953 pernicie
1830 1875 2073 1952 tamen,
2137 1870 2455 1955 siquidem
2524 1871 2851 1936 redeuntis
2914 1895 2957 1934 a

652 1997 808 2040 cena
851 1975 1188 2040 uerberare
1225 1997 1298 2040 ac
1335 1982 1769 2060 repugnantes
1808 1978 2144 2042 uulnerare
2183 1978 2545 2061 cloacisque
2584 1980 2959 2064 demergere

649 2088 956 2165 assuerat,
1003 2083 1300 2147 tabernas
1348 2083 1543 2147 etiam
1592 2084 1929 2170 effringere
1968 2089 2031 2148 et
2068 2087 2377 2170 expilar03
2425 2086 2737 2168 quintana
2775 2084 2955 2149 domi
2996 2113 3043 2148 ιε)

654 2190 1034 2272 constituta,
1091 2189 1200 2252 ubi
1257 2195 1476 2273 partae
1533 2195 1596 2253 et
1644 2191 1721 2254 ad
1779 2191 2203 2256 licitationem
2253 2192 2632 2257 diuidendae
2680 2193 2957 2275 praedae

548 2319 612 2389 “2
653 2296 933 2379 pretium
982 2295 1439 2360 absumeretur.
1515 2319 1589 2360 ac
1636 2319 1823 2380 saepe
1879 2300 1945 2360 in
1994 2299 2129 2362 eius
2177 2299 2351 2363 modi
2406 2299 2568 2362 rixis
2616 2301 2957 2364 oculorum

653 2407 717 2464 et
763 2401 934 2466 uitae
985 2403 1336 2485 periculum
1395 2403 1580 2486 adiit,
1638 2427 1675 2468 a
1721 2405 1998 2486 quodam
2044 2405 2398 2488 laticlauio,
2454 2407 2639 2469 cuius
2684 2427 2957 2470 uxorem

654 2507 1140 2592 adtrectauerat,
1179 2531 1378 2592 prope
1418 2510 1497 2573 ad
1534 2530 1751 2574 necem
1792 2533 2031 2575 caesus,
2106 2533 2301 2594 quare
2337 2535 2691 2596 numquam
2727 2518 2959 2597 postea

655 2616 914 2698 publico
973 2637 1040 2679 se
1097 2616 1260 2680 illud
1317 2617 1512 2681 horae
1569 2617 1706 2681 sine
1763 2617 2043 2682 tribunis
2091 2619 2415 2684 commisit
2468 2621 2697 2702 procul
2742 2625 2807 2683 et
2856 2641 2959 2684 oc·
2988 2643 3043 2680 20

655 2725 826 2788 culte
883 2723 1438 2808 subsequentibus
1524 2723 1801 2788 interdiu
1860 2746 2115 2807 quoque
2170 2725 2333 2788 clam
2390 2728 2742 2808 gestatoria
2798 2726 2961 2790 sella

657 2831 906 2895 delatus
953 2831 1022 2894 in
1069 2830 1394 2894 theatrum
1444 2830 1871 2894 seditionibus
1920 2831 2466 2914 pantomimorum
2515 2853 2549 2895 e
2586 2837 2767 2916 parte
2814 2856 2959 2917 pro-

658 2940 869 3002 scaeni
929 2937 1259 3020 superiore
1315 2936 1585 3022 signifer
1642 2937 1835 3001 simul
1892 2959 1965 3001 ac
2022 2941 2349 3022 spectator
2393 2938 2637 3024 aderat3
2698 2944 2763 3004 et
2808 2961 2957 3004 cum

656 3044 736 3108 ad
796 3067 1026 3108 manus
1086 3049 1352 3108 uentum
1415 3047 1584 3107 esset
1647 3043 2099 3127 lapidibusque
2156 3048 2219 3107 et
2276 3044 2733 3109 subselliorum
2787 3045 2959 3131 frag-

657 3152 939 3215 minibus
992 3152 1463 3235 decerneretur,
1519 3150 1725 3214 multa
1773 3155 1837 3214 et
1892 3151 2029 3235 ipse
2077 3151 2227 3214 iecit
2282 3152 2347 3214 in
2404 3153 2717 3235 populum
2765 3156 2961 3236 atque
2992 3175 3043 3213 25

553 3260 638 3325 27
659 3259 852 3324 etiam
899 3258 1214 3341 praetoris
1255 3263 1448 3340 caput
1493 3257 1947 3321 consauciauit.
2022 3257 2334 3340 paulatim
2373 3279 2525 3321 uero
2566 3258 2957 3322 inualescen-

804 3475 834 3521 8
879 3470 1027 3524 Oros.
1062 3471 1175 3522 1-‘11
1208 3473 1256 3533 7,
1279 3474 1308 3521 1
1347 3467 1724 3536 petulantiam
1760 3467 2056 3520 libidinem
2101 3467 2381 3522 luxuriam
2424 3468 2727 3521 auaritiam
2764 3467 2961 3522 crude-

660 3550 880 3602 litatem
927 3549 1082 3601 nullo
1123 3565 1228 3601 uon
1280 3547 1486 3600 scelere
1535 3547 1797 3600 exercuit.
1984 3553 2045 3601 11
2070 3565 2189 3615 sqq.
2224 3550 2293 3614 cf.
2328 3549 2557 3617 Capitol.
2592 3549 2712 3602 Ver.
2742 3553 2794 3612 4,
2818 3553 2855 3601 6
2900 3547 2963 3600 in

659 3632 881 3682 tantum
913 3629 1178 3681 uitiorum
1209 3628 1548 3680 Gaianorum
1579 3629 1667 3694 (cf.
1700 3629 1813 3682 Cal.
1848 3631 1935 3695 11)
1967 3631 2023 3680 et
2050 3627 2496 3682 Neronianorum
2533 3645 2599 3682 ac
2628 3627 2963 3681 Vitelliano-

660 3727 785 3762 rum
813 3709 987 3761 fuisse
1017 3707 1316 3773 aemulum,
1354 3711 1419 3760 ut
1453 3710 1761 3776 uagaretur
1796 3711 1960 3760 nocte
1994 3723 2095 3775 per
2130 3707 2395 3761 tabernas
2424 3723 2491 3760 ac
2528 3707 2826 3777 lupanaria
2864 3708 2963 3761 ob-

661 3793 810 3842 tecto
850 3789 1035 3857 capite
1075 3788 1388 3842 cucullione
1426 3786 1650 3855 uulgari
1687 3787 1927 3840 uiatorio
1971 3791 2027 3840 et
2066 3788 2430 3842 comisaretur
2466 3805 2593 3841 cum
2632 3787 2963 3854 triconibus,

663 3870 1037 3922 committeret
1065 3868 1231 3934 rixas,
1261 3866 1620 3920 dissimulans
1652 3867 1776 3934 quis
1807 3869 1969 3934 esset,
2000 3883 2278 3935 saepeque
2308 3867 2577 3922 efflictum
2604 3867 2786 3920 liuida
2814 3867 2961 3922 facie

660 3950 872 4003 redisse
913 3953 967 4003 et
1004 3949 1063 4001 in
1101 3947 1350 4001 tabernis
1389 3947 1663 4017 agnitum,
1703 3964 1828 3998 cum
1867 3964 1983 4000 sese
2025 3946 2407 4001 absconderet.

809 4169 839 4216 3
881 4163 1183 4232 appellarit
1213 4163 1443 4228 Bentley
1613 4167 1645 4212 4
1686 4159 1879 4212 locoue
1912 4162 1986 4214 M
2150 4161 2430 4231 parceret]
2470 4179 2595 4216 eum
2634 4177 2863 4230 parcere
2904 4162 2972 4214 H

665 4253 697 4299 8
735 4244 1007 4298 luxoriem
1039 4246 1122 4303 M,
1152 4244 1354 4295 -uriem
1393 4243 1441 4295 T
1542 4247 1572 4293 9
1604 4241 1824 4293 feruore
1855 4241 2070 4293 exemit
2099 4243 2331 4310 Bentley
2443 4246 2509 4294 10
2536 4241 2625 4312 ut]
2655 4243 2713 4294 et
2744 4241 2965 4294 MGRs

669 4333 731 4378 12
772 4324 984 4391 galerio
1019 4325 1282 4378 MLPOd·
1424 4328 1485 4374 15
1525 4320 1848 4374 tabernulas
1878 4321 1987 4389 HQ,
2127 4326 2187 4373 16
2228 4323 2285 4373 et
2324 4321 2693 4374 allicitatione
2732 4321 2790 4374 in
2824 4321 2875 4374 G·

665 4405 1058 4458 diuendendae
1097 4405 1246 4458 Torr.
1362 4409 1422 4455 17
1456 4403 1842 4454 adsumeretur
1870 4403 2022 4468 (asa)
2048 4403 2177 4460 Πὸς
2286 4406 2353 4453 20
2384 4417 2416 4453 a
2444 4400 2674 4470 publico
2698 4399 2965 4454 MGIPR

665 4490 722 4552 (a
759 4488 820 4538 in
855 4485 904 4539 R
933 4487 1136 4552 erasa),
1177 4483 1402 4553 publice
1431 4482 1578 4536 L¹S¹
1726 4487 1791 4532 24
1830 4498 2031 4532 munus
2062 4481 2198 4550 11¹4)
2234 4487 2284 4533 et
2319 4483 2397 4534 sic
2428 4499 2535 4548 pro
2570 4499 2626 4534 u.
2657 4482 2690 4534 l.
2720 4497 2789 4535 83.
2820 4480 2881 4533 in
2910 4480 2965 4533 R

667 4571 734 4616 23
775 4564 940 4618 simul
981 4567 1300 4632 aspectator
1334 4566 1416 4625 M,
1457 4581 1495 4614 s.
1530 4563 1787 4628 aspector
1821 4565 1855 4613 δ’
2001 4567 2067 4612 ‘25
2106 4560 2241 4614 iecit
2280 4565 2335 4614 et
2374 4562 2494 4629 ipse
2528 4561 2579 4614 G
