<?xml version="1.0" encoding="UTF-8"?>
<!DOCTYPE html PUBLIC "-//W3C//DTD XHTML 1.0 Transitional//EN"
    "http://www.w3.org/TR/xhtml1/DTD/xhtml1-transitional.dtd">
<html xmlns="http://www.w3.org/1999/xhtml" xml:lang="en" lang="en">
 <head>
  <title>
</title>
<meta http-equiv="Content-Type" content="text/html;charset=utf-8" />
  <meta name='ocr-system' content='tesseract 3.04.00' />
  <meta name='ocr-capabilities' content='ocr_page ocr_carea ocr_par ocr_line ocrx_word'/>
</head>
<body>
  <div class='ocr_page' id='page_1' title='image "./csuetoniitranqu00ihmgoog_0233.png"; bbox 0 0 3259 5209; ppageno 0'>
   <div class='ocr_carea' id='block_1_1' title="bbox 1157 464 2654 530">
    <p class='ocr_par' dir='ltr' id='par_1_1' title="bbox 1157 464 2654 530">
     <span class='ocr_line' id='line_1_1' title="bbox 1157 464 2654 530; baseline 0.005 -8"><span class='ocrx_word' id='word_1_1' title='bbox 1157 468 1450 522; x_wconf 84' lang='lat' dir='ltr'><strong>TIBERIV</strong></span> <span class='ocrx_word' id='word_1_2' title='bbox 1454 467 1490 521; x_wconf 88' lang='lat' dir='ltr'>S</span> <span class='ocrx_word' id='word_1_3' title='bbox 1530 478 1661 529; x_wconf 61' lang='lat' dir='ltr'><strong>[cst.</strong></span> <span class='ocrx_word' id='word_1_4' title='bbox 1694 478 1868 527; x_wconf 72' lang='lat'>73—76]</span> <span class='ocrx_word' id='word_1_5' title='bbox 2533 464 2654 530; x_wconf 89' lang='grc'><strong>161</strong></span> 
     </span>
    </p>
   </div>
   <div class='ocr_carea' id='block_1_2' title="bbox 281 628 2772 2421">
    <p class='ocr_par' dir='ltr' id='par_1_2' title="bbox 281 628 2772 2421">
     <span class='ocr_line' id='line_1_2' title="bbox 365 628 2662 716; baseline -0.002 -20"><span class='ocrx_word' id='word_1_6' title='bbox 365 631 748 715; x_wconf 87' lang='lat' dir='ltr'><strong>differretur,</strong></span> <span class='ocrx_word' id='word_1_7' title='bbox 795 631 961 696; x_wconf 87' lang='lat' dir='ltr'><strong>sorte</strong></span> <span class='ocrx_word' id='word_1_8' title='bbox 1006 631 1239 697; x_wconf 82' lang='lat' dir='ltr'><strong>accidit</strong></span> <span class='ocrx_word' id='word_1_9' title='bbox 1286 635 1360 695; x_wconf 90' lang='lat' dir='ltr'><strong>ut</strong></span> <span class='ocrx_word' id='word_1_10' title='bbox 1405 629 1802 715; x_wconf 84' lang='lat' dir='ltr'><strong>quorundam</strong></span> <span class='ocrx_word' id='word_1_11' title='bbox 1853 629 2154 716; x_wconf 89' lang='lat' dir='ltr'><strong>supplicii</strong></span> <span class='ocrx_word' id='word_1_12' title='bbox 2197 629 2331 695; x_wconf 90' lang='lat' dir='ltr'><strong>dies</strong></span> <span class='ocrx_word' id='word_1_13' title='bbox 2371 628 2426 693; x_wconf 90' lang='lat' dir='ltr'><strong>is</strong></span> <span class='ocrx_word' id='word_1_14' title='bbox 2473 631 2662 708; x_wconf 82' lang='lat' dir='ltr'><strong>esset,</strong></span> 
     </span>
     <span class='ocr_line' id='line_1_3' title="bbox 367 733 2660 822; baseline -0.002 -20"><span class='ocrx_word' id='word_1_15' title='bbox 367 761 495 822; x_wconf 90' lang='lat' dir='ltr'><strong>quo</strong></span> <span class='ocrx_word' id='word_1_16' title='bbox 562 739 927 805; x_wconf 85' lang='lat' dir='ltr'><strong>nuntiatum</strong></span> <span class='ocrx_word' id='word_1_17' title='bbox 991 738 1067 802; x_wconf 91' lang='lat' dir='ltr'><strong>de</strong></span> <span class='ocrx_word' id='word_1_18' title='bbox 1123 736 1380 804; x_wconf 86' lang='lat' dir='ltr'><strong>Tiberio</strong></span> <span class='ocrx_word' id='word_1_19' title='bbox 1436 741 1588 802; x_wconf 86' lang='lat' dir='ltr'><strong>erat.</strong></span> <span class='ocrx_word' id='word_1_20' title='bbox 1680 737 1800 801; x_wconf 78' lang='lat' dir='ltr'><strong>hos</strong></span> <span class='ocrx_word' id='word_1_21' title='bbox 1856 735 2260 821; x_wconf 76' lang='lat' dir='ltr'>implorantis</span> <span class='ocrx_word' id='word_1_22' title='bbox 2324 733 2660 800; x_wconf 89' lang='lat' dir='ltr'><strong>hominum</strong></span> 
     </span>
     <span class='ocr_line' id='line_1_4' title="bbox 365 840 2662 929; baseline -0.003 -19"><span class='ocrx_word' id='word_1_23' title='bbox 365 845 580 928; x_wconf 88' lang='lat' dir='ltr'><strong>fidem,</strong></span> <span class='ocrx_word' id='word_1_24' title='bbox 628 846 777 929; x_wconf 87' lang='lat' dir='ltr'><strong>quia</strong></span> <span class='ocrx_word' id='word_1_25' title='bbox 823 844 1086 909; x_wconf 88' lang='lat' dir='ltr'><strong>absente</strong></span> <span class='ocrx_word' id='word_1_26' title='bbox 1132 843 1340 909; x_wconf 85' lang='lat' dir='ltr'><strong>adhuc</strong></span> <span class='ocrx_word' id='word_1_27' title='bbox 1388 841 1546 909; x_wconf 81' lang='lat' dir='ltr'><strong>Gaio</strong></span> <span class='ocrx_word' id='word_1_28' title='bbox 1594 865 1784 909; x_wconf 91' lang='lat' dir='ltr'><strong>nemo</strong></span> <span class='ocrx_word' id='word_1_29' title='bbox 1823 843 2083 907; x_wconf 86' lang='lat' dir='ltr'><strong>extabat</strong></span> <span class='ocrx_word' id='word_1_30' title='bbox 2120 842 2232 927; x_wconf 89' lang='lat' dir='ltr'><strong>qui</strong></span> <span class='ocrx_word' id='word_1_31' title='bbox 2267 841 2431 906; x_wconf 87' lang='lat' dir='ltr'><strong>adiri</strong></span> <span class='ocrx_word' id='word_1_32' title='bbox 2467 840 2662 905; x_wconf 87' lang='lat' dir='ltr'><strong>inter-</strong></span> 
     </span>
     <span class='ocr_line' id='line_1_5' title="bbox 365 946 2664 1036; baseline -0.002 -21"><span class='ocrx_word' id='word_1_33' title='bbox 365 951 721 1036; x_wconf 87' lang='lat' dir='ltr'><strong>pellarique</strong></span> <span class='ocrx_word' id='word_1_34' title='bbox 770 955 1002 1035; x_wconf 87' lang='lat' dir='ltr'><strong>posset,</strong></span> <span class='ocrx_word' id='word_1_35' title='bbox 1050 951 1374 1035; x_wconf 77' lang='lat' dir='ltr'><strong>custodes,</strong></span> <span class='ocrx_word' id='word_1_36' title='bbox 1420 973 1499 1015; x_wconf 90' lang='lat' dir='ltr'><strong>ne</strong></span> <span class='ocrx_word' id='word_1_37' title='bbox 1548 951 1703 1034; x_wconf 90' lang='lat' dir='ltr'><strong>quid</strong></span> <span class='ocrx_word' id='word_1_38' title='bbox 1750 948 2054 1014; x_wconf 87' lang='lat' dir='ltr'><strong>aduersus</strong></span> <span class='ocrx_word' id='word_1_39' title='bbox 2104 948 2525 1014; x_wconf 87' lang='lat' dir='ltr'><strong>constitutum</strong></span> <span class='ocrx_word' id='word_1_40' title='bbox 2572 946 2664 1011; x_wconf 83' lang='lat' dir='ltr'><strong>fa·</strong></span> 
     </span>
     <span class='ocr_line' id='line_1_6' title="bbox 308 1053 2730 1144; baseline -0.002 -20"><span class='ocrx_word' id='word_1_41' title='bbox 308 1084 341 1124; x_wconf 73' lang='lat' dir='ltr'><strong>s</strong></span> <span class='ocrx_word' id='word_1_42' title='bbox 370 1063 614 1142; x_wconf 87' lang='lat' dir='ltr'><strong>cerent,</strong></span> <span class='ocrx_word' id='word_1_43' title='bbox 678 1057 1243 1143; x_wconf 79' lang='lat' dir='ltr'><strong>strangulauerunt</strong></span> <span class='ocrx_word' id='word_1_44' title='bbox 1308 1057 1806 1144; x_wconf 85' lang='lat' dir='ltr'><strong>abieceruntque</strong></span> <span class='ocrx_word' id='word_1_45' title='bbox 1872 1056 1940 1121; x_wconf 89' lang='lat' dir='ltr'><strong>in</strong></span> <span class='ocrx_word' id='word_1_46' title='bbox 2008 1054 2366 1120; x_wconf 84' lang='lat' dir='ltr'><strong>Gemonias.</strong></span> <span class='ocrx_word' id='word_1_47' title='bbox 2455 1053 2661 1118; x_wconf 89' lang='lat' dir='ltr'><strong>creuit</strong></span> <span class='ocrx_word' id='word_1_48' title='bbox 2698 1069 2730 1118; x_wconf 81' lang='lat'><strong>3</strong></span> 
     </span>
     <span class='ocr_line' id='line_1_7' title="bbox 368 1161 2663 1250; baseline -0.003 -21"><span class='ocrx_word' id='word_1_49' title='bbox 368 1165 570 1250; x_wconf 83' lang='lat' dir='ltr'><strong>igitur</strong></span> <span class='ocrx_word' id='word_1_50' title='bbox 616 1164 878 1248; x_wconf 87' lang='lat' dir='ltr'><strong>inuidia,</strong></span> <span class='ocrx_word' id='word_1_51' title='bbox 923 1165 1110 1248; x_wconf 84' lang='lat' dir='ltr'><strong>quasi</strong></span> <span class='ocrx_word' id='word_1_52' title='bbox 1149 1165 1341 1229; x_wconf 86' lang='lat' dir='ltr'><strong>etiam</strong></span> <span class='ocrx_word' id='word_1_53' title='bbox 1388 1166 1539 1249; x_wconf 89' lang='lat' dir='ltr'><strong>post</strong></span> <span class='ocrx_word' id='word_1_54' title='bbox 1584 1167 1859 1228; x_wconf 89' lang='lat' dir='ltr'><strong>mortem</strong></span> <span class='ocrx_word' id='word_1_55' title='bbox 1907 1163 2165 1246; x_wconf 81' lang='lat' dir='ltr'><strong>tyranni</strong></span> <span class='ocrx_word' id='word_1_56' title='bbox 2211 1161 2481 1226; x_wconf 77' lang='lat' dir='ltr'><strong>saeuitia</strong></span> <span class='ocrx_word' id='word_1_57' title='bbox 2523 1182 2663 1244; x_wconf 90' lang='lat' dir='ltr'><strong>per-</strong></span> 
     </span>
     <span class='ocr_line' id='line_1_8' title="bbox 368 1266 2664 1356; baseline -0.003 -19"><span class='ocrx_word' id='word_1_58' title='bbox 368 1278 683 1337; x_wconf 79' lang='lat' dir='ltr'><strong>manente.</strong></span> <span class='ocrx_word' id='word_1_59' title='bbox 768 1293 1001 1356; x_wconf 91' lang='lat' dir='ltr'><strong>corpus</strong></span> <span class='ocrx_word' id='word_1_60' title='bbox 1047 1277 1120 1336; x_wconf 90' lang='lat' dir='ltr'><strong>ut</strong></span> <span class='ocrx_word' id='word_1_61' title='bbox 1166 1272 1412 1337; x_wconf 87' lang='lat' dir='ltr'><strong>moueri</strong></span> <span class='ocrx_word' id='word_1_62' title='bbox 1458 1294 1497 1337; x_wconf 85' lang='lat' dir='ltr'><strong>a</strong></span> <span class='ocrx_word' id='word_1_63' title='bbox 1542 1269 1792 1335; x_wconf 87' lang='lat' dir='ltr'><strong>Miseno</strong></span> <span class='ocrx_word' id='word_1_64' title='bbox 1832 1270 2061 1353; x_wconf 78' lang='lat' dir='ltr'><strong>coepit,</strong></span> <span class='ocrx_word' id='word_1_65' title='bbox 2109 1266 2664 1335; x_wconf 74' lang='lat' dir='ltr'><strong>conclamantibus</strong></span> 
     </span>
     <span class='ocr_line' id='line_1_9' title="bbox 367 1376 2664 1463; baseline -0.003 -20"><span class='ocrx_word' id='word_1_66' title='bbox 367 1379 694 1463; x_wconf 86' lang='lat' dir='ltr'><strong>plerisque</strong></span> <span class='ocrx_word' id='word_1_67' title='bbox 752 1378 1031 1443; x_wconf 86' lang='lat' dir='ltr'><strong>Atellam</strong></span> <span class='ocrx_word' id='word_1_68' title='bbox 1090 1379 1307 1463; x_wconf 86' lang='lat' dir='ltr'><strong>potius</strong></span> <span class='ocrx_word' id='word_1_69' title='bbox 1356 1377 1765 1443; x_wconf 83' lang='lat' dir='ltr'><strong>deferendum</strong></span> <span class='ocrx_word' id='word_1_70' title='bbox 1814 1380 1878 1440; x_wconf 90' lang='lat' dir='ltr'><strong>et</strong></span> <span class='ocrx_word' id='word_1_71' title='bbox 1924 1377 1988 1440; x_wconf 90' lang='lat' dir='ltr'><strong>in</strong></span> <span class='ocrx_word' id='word_1_72' title='bbox 2037 1376 2512 1462; x_wconf 82' lang='lat' dir='ltr'><strong>amphitheatro</strong></span> <span class='ocrx_word' id='word_1_73' title='bbox 2569 1395 2664 1437; x_wconf 90' lang='lat' dir='ltr'><strong>se-</strong></span> 
     </span>
     <span class='ocr_line' id='line_1_10' title="bbox 369 1483 2665 1569; baseline -0.003 -20"><span class='ocrx_word' id='word_1_74' title='bbox 369 1484 879 1568; x_wconf 87' lang='lat' dir='ltr'><strong>miustilandum,</strong></span> <span class='ocrx_word' id='word_1_75' title='bbox 923 1484 1198 1549; x_wconf 84' lang='lat' dir='ltr'><strong>Romam</strong></span> <span class='ocrx_word' id='word_1_76' title='bbox 1243 1507 1359 1569; x_wconf 87' lang='lat' dir='ltr'><strong>per</strong></span> <span class='ocrx_word' id='word_1_77' title='bbox 1402 1485 1643 1549; x_wconf 85' lang='lat' dir='ltr'><strong>milites</strong></span> <span class='ocrx_word' id='word_1_78' title='bbox 1693 1483 2096 1567; x_wconf 87' lang='lat' dir='ltr'><strong>deportatum</strong></span> <span class='ocrx_word' id='word_1_79' title='bbox 2144 1487 2240 1547; x_wconf 88' lang='lat' dir='ltr'><strong>est</strong></span> <span class='ocrx_word' id='word_1_80' title='bbox 2285 1484 2665 1546; x_wconf 89' lang='lat' dir='ltr'><strong>crematum·</strong></span> 
     </span>
     <span class='ocr_line' id='line_1_11' title="bbox 281 1591 1087 1675; baseline -0.002 -17"><span class='ocrx_word' id='word_1_81' title='bbox 281 1617 344 1658; x_wconf 82' lang='lat'><strong>10</strong></span> <span class='ocrx_word' id='word_1_82' title='bbox 373 1613 497 1675; x_wconf 87' lang='lat' dir='ltr'><strong>que</strong></span> <span class='ocrx_word' id='word_1_83' title='bbox 541 1591 803 1675; x_wconf 89' lang='lat' dir='ltr'><strong>publico</strong></span> <span class='ocrx_word' id='word_1_84' title='bbox 848 1591 1087 1656; x_wconf 87' lang='lat' dir='ltr'><strong>funere.</strong></span> 
     </span>
     <span class='ocr_line' id='line_1_12' title="bbox 551 1691 2772 1782; baseline -0.002 -20"><span class='ocrx_word' id='word_1_85' title='bbox 551 1696 1032 1763; x_wconf 76' lang='lat' dir='ltr'><strong>Testamentum</strong></span> <span class='ocrx_word' id='word_1_86' title='bbox 1079 1697 1316 1782; x_wconf 81' lang='lat' dir='ltr'><strong>duplex</strong></span> <span class='ocrx_word' id='word_1_87' title='bbox 1352 1700 1502 1763; x_wconf 85' lang='lat' dir='ltr'><strong>ante</strong></span> <span class='ocrx_word' id='word_1_88' title='bbox 1540 1697 1870 1762; x_wconf 81' lang='lat' dir='ltr'><strong>biennium</strong></span> <span class='ocrx_word' id='word_1_89' title='bbox 1910 1695 2166 1780; x_wconf 83' lang='lat' dir='ltr'><strong>fecerat,</strong></span> <span class='ocrx_word' id='word_1_90' title='bbox 2211 1696 2482 1760; x_wconf 88' lang='lat' dir='ltr'><strong>alterum</strong></span> <span class='ocrx_word' id='word_1_91' title='bbox 2532 1692 2718 1775; x_wconf 56' lang='lat' dir='ltr'><strong>suast</strong></span> <span class='ocrx_word' id='word_1_92' title='bbox 2725 1691 2772 1758; x_wconf 82' lang='grc'><strong>6</strong></span> 
     </span>
     <span class='ocr_line' id='line_1_13' title="bbox 322 1800 2667 1888; baseline -0.003 -19"><span class='ocrx_word' id='word_1_93' title='bbox 322 1823 333 1833; x_wconf 86' lang='lat'><strong>·</strong></span> <span class='ocrx_word' id='word_1_94' title='bbox 371 1802 648 1869; x_wconf 86' lang='lat' dir='ltr'><strong>alterum</strong></span> <span class='ocrx_word' id='word_1_95' title='bbox 676 1804 893 1869; x_wconf 90' lang='lat' dir='ltr'><strong>liberti</strong></span> <span class='ocrx_word' id='word_1_96' title='bbox 912 1826 1124 1887; x_wconf 86' lang='lat' dir='ltr'><strong>manu,</strong></span> <span class='ocrx_word' id='word_1_97' title='bbox 1146 1804 1255 1869; x_wconf 79' lang='lat' dir='ltr'><strong>sed</strong></span> <span class='ocrx_word' id='word_1_98' title='bbox 1283 1803 1509 1868; x_wconf 90' lang='lat' dir='ltr'><strong>eodem</strong></span> <span class='ocrx_word' id='word_1_99' title='bbox 1529 1804 1842 1887; x_wconf 83' lang='lat' dir='ltr'><strong>exemp10,</strong></span> <span class='ocrx_word' id='word_1_100' title='bbox 1863 1802 2442 1888; x_wconf 83' lang='lat' dir='ltr'><strong>obsignaueratque</strong></span> <span class='ocrx_word' id='word_1_101' title='bbox 2471 1800 2667 1864; x_wconf 85' lang='lat' dir='ltr'><strong>etiam</strong></span> 
     </span>
     <span class='ocr_line' id='line_1_14' title="bbox 370 1906 2669 1997; baseline -0.002 -22"><span class='ocrx_word' id='word_1_102' title='bbox 370 1911 884 1977; x_wconf 86' lang='lat' dir='ltr'><strong>humillimorum</strong></span> <span class='ocrx_word' id='word_1_103' title='bbox 932 1912 1149 1997; x_wconf 81' lang='lat' dir='ltr'><strong>signis.</strong></span> <span class='ocrx_word' id='word_1_104' title='bbox 1243 1932 1317 1975; x_wconf 92' lang='lat' dir='ltr'><strong>eo</strong></span> <span class='ocrx_word' id='word_1_105' title='bbox 1365 1913 1752 1977; x_wconf 85' lang='lat' dir='ltr'><strong>testamento</strong></span> <span class='ocrx_word' id='word_1_106' title='bbox 1798 1908 2062 1973; x_wconf 85' lang='lat' dir='ltr'><strong>heredes</strong></span> <span class='ocrx_word' id='word_1_107' title='bbox 2108 1909 2326 1992; x_wconf 86' lang='lat' dir='ltr'><strong>aequis</strong></span> <span class='ocrx_word' id='word_1_108' title='bbox 2373 1906 2669 1991; x_wconf 87' lang='lat' dir='ltr'><strong>partibus</strong></span> 
     </span>
     <span class='ocr_line' id='line_1_15' title="bbox 373 2015 2668 2101; baseline -0.003 -19"><span class='ocrx_word' id='word_1_109' title='bbox 373 2017 636 2101; x_wconf 90' lang='lat' dir='ltr'><strong>reliquit</strong></span> <span class='ocrx_word' id='word_1_110' title='bbox 684 2016 914 2082; x_wconf 85' lang='lat' dir='ltr'><strong>Gaium</strong></span> <span class='ocrx_word' id='word_1_111' title='bbox 963 2039 1040 2081; x_wconf 86' lang='lat' dir='ltr'><strong>ex</strong></span> <span class='ocrx_word' id='word_1_112' title='bbox 1088 2016 1466 2083; x_wconf 83' lang='lat' dir='ltr'><strong>Germanico</strong></span> <span class='ocrx_word' id='word_1_113' title='bbox 1528 2021 1591 2082; x_wconf 88' lang='lat' dir='ltr'><strong>et</strong></span> <span class='ocrx_word' id='word_1_114' title='bbox 1639 2016 1966 2081; x_wconf 85' lang='lat' dir='ltr'><strong>Tiberium</strong></span> <span class='ocrx_word' id='word_1_115' title='bbox 2019 2038 2094 2079; x_wconf 84' lang='lat' dir='ltr'><strong>ex</strong></span> <span class='ocrx_word' id='word_1_116' title='bbox 2140 2015 2354 2080; x_wconf 85' lang='lat' dir='ltr'><strong>Druso</strong></span> <span class='ocrx_word' id='word_1_117' title='bbox 2400 2017 2668 2098; x_wconf 88' lang='lat' dir='ltr'><strong>nepotes</strong></span> 
     </span>
     <span class='ocr_line' id='line_1_16' title="bbox 287 2122 2668 2210; baseline -0.004 -18"><span class='ocrx_word' id='word_1_118' title='bbox 287 2150 345 2192; x_wconf 70' lang='grc' dir='ltr'><strong>ιε</strong></span> <span class='ocrx_word' id='word_1_119' title='bbox 375 2124 840 2208; x_wconf 88' lang='lat' dir='ltr'><strong>substituitque</strong></span> <span class='ocrx_word' id='word_1_120' title='bbox 887 2124 956 2188; x_wconf 90' lang='lat' dir='ltr'><strong>in</strong></span> <span class='ocrx_word' id='word_1_121' title='bbox 1011 2123 1243 2208; x_wconf 86' lang='lat' dir='ltr'><strong>uicem3</strong></span> <span class='ocrx_word' id='word_1_122' title='bbox 1302 2125 1479 2189; x_wconf 88' lang='lat' dir='ltr'><strong>dedit</strong></span> <span class='ocrx_word' id='word_1_123' title='bbox 1526 2130 1589 2188; x_wconf 93' lang='lat' dir='ltr'><strong>et</strong></span> <span class='ocrx_word' id='word_1_124' title='bbox 1635 2124 1850 2210; x_wconf 83' lang='lat' dir='ltr'><strong>legata</strong></span> <span class='ocrx_word' id='word_1_125' title='bbox 1885 2122 2235 2207; x_wconf 85' lang='lat' dir='ltr'><strong>plerisque,</strong></span> <span class='ocrx_word' id='word_1_126' title='bbox 2291 2122 2460 2185; x_wconf 89' lang='lat' dir='ltr'><strong>inter</strong></span> <span class='ocrx_word' id='word_1_127' title='bbox 2504 2141 2668 2204; x_wconf 89' lang='lat' dir='ltr'><strong>quos</strong></span> 
     </span>
     <span class='ocr_line' id='line_1_17' title="bbox 372 2226 2668 2316; baseline -0.002 -22"><span class='ocrx_word' id='word_1_128' title='bbox 372 2231 738 2316; x_wconf 84' lang='lat' dir='ltr'><strong>uirginibus</strong></span> <span class='ocrx_word' id='word_1_129' title='bbox 792 2228 1191 2312; x_wconf 78' lang='lat' dir='ltr'><strong>Vestalibus,</strong></span> <span class='ocrx_word' id='word_1_130' title='bbox 1255 2230 1365 2294; x_wconf 90' lang='lat' dir='ltr'><strong>sed</strong></span> <span class='ocrx_word' id='word_1_131' title='bbox 1432 2233 1495 2294; x_wconf 89' lang='lat' dir='ltr'><strong>et</strong></span> <span class='ocrx_word' id='word_1_132' title='bbox 1561 2229 1879 2295; x_wconf 90' lang='lat' dir='ltr'><strong>militibus</strong></span> <span class='ocrx_word' id='word_1_133' title='bbox 1943 2228 2263 2293; x_wconf 88' lang='lat' dir='ltr'><strong>uniuersis</strong></span> <span class='ocrx_word' id='word_1_134' title='bbox 2327 2226 2668 2311; x_wconf 90' lang='lat' dir='ltr'><strong>plebeique</strong></span> 
     </span>
     <span class='ocr_line' id='line_1_18' title="bbox 370 2333 2595 2421; baseline -0.002 -21"><span class='ocrx_word' id='word_1_135' title='bbox 370 2336 702 2402; x_wconf 85' lang='lat' dir='ltr'><strong>Romanae</strong></span> <span class='ocrx_word' id='word_1_136' title='bbox 748 2337 993 2403; x_wconf 88' lang='lat' dir='ltr'><strong>uiritim</strong></span> <span class='ocrx_word' id='word_1_137' title='bbox 1042 2341 1236 2421; x_wconf 86' lang='lat' dir='ltr'><strong>atque</strong></span> <span class='ocrx_word' id='word_1_138' title='bbox 1281 2337 1474 2403; x_wconf 85' lang='lat' dir='ltr'><strong>etiam</strong></span> <span class='ocrx_word' id='word_1_139' title='bbox 1525 2335 1867 2420; x_wconf 78' lang='lat' dir='ltr'><strong>separatim</strong></span> <span class='ocrx_word' id='word_1_140' title='bbox 1917 2336 2206 2399; x_wconf 91' lang='lat' dir='ltr'><strong>uicorum</strong></span> <span class='ocrx_word' id='word_1_141' title='bbox 2252 2333 2595 2419; x_wconf 85' lang='lat' dir='ltr'><strong>magistris.</strong></span> 
     </span>
    </p>
   </div>
   <div class='ocr_carea' id='block_1_3' title="bbox 370 2464 589 2473">
    <p class='ocr_par' dir='ltr' id='par_1_3' title="bbox 370 2464 589 2473">
     <span class='ocr_line' id='line_1_19' title="bbox 370 2464 589 2473; baseline 0 2736"><span class='ocrx_word' id='word_1_142' title='bbox 370 2464 589 2473; x_wconf 95' lang='lat' dir='ltr'><strong> </strong></span> 
     </span>
    </p>
   </div>
   <div class='ocr_carea' id='block_1_4' title="bbox 373 2525 2676 3078">
    <p class='ocr_par' dir='ltr' id='par_1_4' title="bbox 378 2525 2676 2676">
     <span class='ocr_line' id='line_1_20' title="bbox 519 2525 2676 2601; baseline -0.002 -17"><span class='ocrx_word' id='word_1_143' title='bbox 519 2536 550 2584; x_wconf 82' lang='grc' dir='ltr'><strong><em>ὃ</em></strong></span> <span class='ocrx_word' id='word_1_144' title='bbox 590 2529 1132 2601; x_wconf 81' lang='lat' dir='ltr'><strong>stranguillauerunt</strong></span> <span class='ocrx_word' id='word_1_145' title='bbox 1161 2529 1356 2599; x_wconf 77' lang='lat' dir='ltr'><em>MQR,</em></span> <span class='ocrx_word' id='word_1_146' title='bbox 1392 2528 1709 2598; x_wconf 82' lang='lat' dir='ltr'><strong>transgula·</strong></span> <span class='ocrx_word' id='word_1_147' title='bbox 1738 2529 1784 2585; x_wconf 78' lang='lat' dir='ltr'><strong><em>S</em></strong></span> <span class='ocrx_word' id='word_1_148' title='bbox 1910 2535 1973 2581; x_wconf 93' lang='lat'><strong>11</strong></span> <span class='ocrx_word' id='word_1_149' title='bbox 2015 2528 2255 2582; x_wconf 83' lang='lat' dir='ltr'><strong>alterum</strong></span> <span class='ocrx_word' id='word_1_150' title='bbox 2295 2542 2397 2580; x_wconf 85' lang='lat' dir='ltr'><strong>sua</strong></span> <span class='ocrx_word' id='word_1_151' title='bbox 2434 2543 2535 2581; x_wconf 88' lang='lat' dir='ltr'><strong>om.</strong></span> <span class='ocrx_word' id='word_1_152' title='bbox 2559 2525 2676 2580; x_wconf 80' lang='lat' dir='ltr'><strong>GV</strong></span> 
     </span>
     <span class='ocr_line' id='line_1_21' title="bbox 378 2609 1201 2676; baseline -0.001 -13"><span class='ocrx_word' id='word_1_153' title='bbox 378 2616 443 2664; x_wconf 77' lang='lat'><strong>12</strong></span> <span class='ocrx_word' id='word_1_154' title='bbox 482 2609 709 2664; x_wconf 85' lang='lat' dir='ltr'><strong>liberati</strong></span> <span class='ocrx_word' id='word_1_155' title='bbox 740 2613 825 2676; x_wconf 84' lang='lat' dir='ltr'><strong>M,</strong></span> <span class='ocrx_word' id='word_1_156' title='bbox 864 2610 1116 2664; x_wconf 86' lang='lat' dir='ltr'><strong>libertini</strong></span> <span class='ocrx_word' id='word_1_157' title='bbox 1152 2611 1201 2663; x_wconf 88' lang='grc' dir='ltr'><em>Τ</em></span> 
     </span>
    </p>

    <p class='ocr_par' dir='ltr' id='par_1_5' title="bbox 373 2684 2672 3078">
     <span class='ocr_line' id='line_1_22' title="bbox 516 2684 2670 2759; baseline -0.003 -15"><span class='ocrx_word' id='word_1_158' title='bbox 516 2692 716 2745; x_wconf 75' lang='lat' dir='ltr'><strong>subscr.</strong></span> <span class='ocrx_word' id='word_1_159' title='bbox 772 2690 1008 2743; x_wconf 85' lang='lat' dir='ltr'><strong>tiberius</strong></span> <span class='ocrx_word' id='word_1_160' title='bbox 1056 2690 1197 2743; x_wconf 85' lang='lat' dir='ltr'><strong>liber</strong></span> <span class='ocrx_word' id='word_1_161' title='bbox 1233 2689 1325 2742; x_wconf 90' lang='lat'>111.</span> <span class='ocrx_word' id='word_1_162' title='bbox 1366 2689 1613 2758; x_wconf 84' lang='lat' dir='ltr'><strong>explicit.</strong></span> <span class='ocrx_word' id='word_1_163' title='bbox 1660 2689 1864 2758; x_wconf 80' lang='lat' dir='ltr'><strong>incipit</strong></span> <span class='ocrx_word' id='word_1_164' title='bbox 1911 2689 2159 2759; x_wconf 82' lang='lat' dir='ltr'><strong>caligula</strong></span> <span class='ocrx_word' id='word_1_165' title='bbox 2195 2687 2339 2740; x_wconf 90' lang='lat' dir='ltr'><strong>liber</strong></span> <span class='ocrx_word' id='word_1_166' title='bbox 2383 2684 2502 2740; x_wconf 88' lang='lat'>1111.</span> <span class='ocrx_word' id='word_1_167' title='bbox 2540 2685 2670 2740; x_wconf 88' lang='lat' dir='ltr'><strong>feli-</strong></span> 
     </span>
     <span class='ocr_line' id='line_1_23' title="bbox 373 2765 2586 2839; baseline -0.003 -15"><span class='ocrx_word' id='word_1_168' title='bbox 373 2770 516 2824; x_wconf 86' lang='lat' dir='ltr'><strong>citer</strong></span> <span class='ocrx_word' id='word_1_169' title='bbox 537 2771 668 2825; x_wconf 82' lang='lat' dir='ltr'><strong>MV</strong></span> <span class='ocrx_word' id='word_1_170' title='bbox 692 2777 741 2825; x_wconf 85' lang='lat' dir='ltr'><strong>et</strong></span> <span class='ocrx_word' id='word_1_171' title='bbox 766 2771 884 2824; x_wconf 78' lang='lat' dir='ltr'><strong>sim.</strong></span> <span class='ocrx_word' id='word_1_172' title='bbox 904 2773 952 2822; x_wconf 82' lang='lat' dir='ltr'><strong>‘I‘</strong></span> <span class='ocrx_word' id='word_1_173' title='bbox 976 2769 1237 2837; x_wconf 83' lang='lat' dir='ltr'><strong>(feliciter</strong></span> <span class='ocrx_word' id='word_1_174' title='bbox 1255 2787 1356 2824; x_wconf 84' lang='lat' dir='ltr'><strong>om.</strong></span> <span class='ocrx_word' id='word_1_175' title='bbox 1371 2770 1440 2838; x_wconf 83' lang='lat' dir='ltr'><strong>R,</strong></span> <span class='ocrx_word' id='word_1_176' title='bbox 1480 2768 1644 2838; x_wconf 85' lang='lat' dir='ltr'><strong>gaius</strong></span> <span class='ocrx_word' id='word_1_177' title='bbox 1665 2769 1915 2839; x_wconf 84' lang='lat' dir='ltr'><strong>caligula</strong></span> <span class='ocrx_word' id='word_1_178' title='bbox 1939 2769 1997 2839; x_wconf 76' lang='lat' dir='ltr'><strong>Q,</strong></span> <span class='ocrx_word' id='word_1_179' title='bbox 2028 2787 2080 2837; x_wconf 83' lang='lat' dir='ltr'><strong>g.</strong></span> <span class='ocrx_word' id='word_1_180' title='bbox 2110 2785 2212 2836; x_wconf 79' lang='lat' dir='ltr'><strong>pro</strong></span> <span class='ocrx_word' id='word_1_181' title='bbox 2232 2765 2482 2835; x_wconf 81' lang='lat' dir='ltr'><strong>caligula</strong></span> <span class='ocrx_word' id='word_1_182' title='bbox 2506 2767 2586 2834; x_wconf 90' lang='grc' dir='ltr'><strong>Π)</strong></span> 
     </span>
     <span class='ocr_line' id='line_1_24' title="bbox 375 2844 2669 2921; baseline -0.003 -18"><span class='ocrx_word' id='word_1_183' title='bbox 375 2867 421 2903; x_wconf 90' lang='lat' dir='ltr'><strong>c.</strong></span> <span class='ocrx_word' id='word_1_184' title='bbox 472 2850 711 2905; x_wconf 89' lang='lat' dir='ltr'><strong>suetonii</strong></span> <span class='ocrx_word' id='word_1_185' title='bbox 758 2853 940 2917; x_wconf 86' lang='lat' dir='ltr'><strong>tranq.</strong></span> <span class='ocrx_word' id='word_1_186' title='bbox 982 2849 1051 2903; x_wconf 89' lang='lat' dir='ltr'><strong>de</strong></span> <span class='ocrx_word' id='word_1_187' title='bbox 1106 2851 1227 2903; x_wconf 86' lang='lat' dir='ltr'><strong>uita</strong></span> <span class='ocrx_word' id='word_1_188' title='bbox 1272 2865 1525 2921; x_wconf 64' lang='lat' dir='ltr'><strong>cesarum</strong></span> <span class='ocrx_word' id='word_1_189' title='bbox 1579 2849 1816 2903; x_wconf 89' lang='lat' dir='ltr'><strong>tiberius</strong></span> <span class='ocrx_word' id='word_1_190' title='bbox 1865 2848 2010 2903; x_wconf 87' lang='lat' dir='ltr'><strong>liber</strong></span> <span class='ocrx_word' id='word_1_191' title='bbox 2058 2848 2147 2901; x_wconf 92' lang='lat'>111.</span> <span class='ocrx_word' id='word_1_192' title='bbox 2198 2845 2397 2915; x_wconf 66' lang='lat' dir='ltr'><strong>explic.</strong></span> <span class='ocrx_word' id='word_1_193' title='bbox 2447 2844 2669 2913; x_wconf 87' lang='lat' dir='ltr'><strong>incipit.</strong></span> 
     </span>
     <span class='ocr_line' id='line_1_25' title="bbox 374 2924 2672 3000; baseline -0.002 -17"><span class='ocrx_word' id='word_1_194' title='bbox 374 2929 627 3000; x_wconf 86' lang='lat' dir='ltr'><strong>caligula</strong></span> <span class='ocrx_word' id='word_1_195' title='bbox 662 2929 808 2983; x_wconf 87' lang='lat' dir='ltr'><strong>liber</strong></span> <span class='ocrx_word' id='word_1_196' title='bbox 843 2929 959 2983; x_wconf 89' lang='lat'>1111.</span> <span class='ocrx_word' id='word_1_197' title='bbox 999 2928 1149 2983; x_wconf 69' lang='lat' dir='ltr'><strong>felic.</strong></span> <span class='ocrx_word' id='word_1_198' title='bbox 1184 2930 1233 2982; x_wconf 86' lang='lat' dir='ltr'><em>G</em></span> <span class='ocrx_word' id='word_1_199' title='bbox 1378 2929 1612 2998; x_wconf 83' lang='lat' dir='ltr'><strong>explicit</strong></span> <span class='ocrx_word' id='word_1_200' title='bbox 1657 2929 1754 2983; x_wconf 91' lang='lat' dir='ltr'><strong>lib.</strong></span> <span class='ocrx_word' id='word_1_201' title='bbox 1792 2929 2016 2984; x_wconf 84' lang='lat' dir='ltr'><strong>tercius.</strong></span> <span class='ocrx_word' id='word_1_202' title='bbox 2057 2927 2260 2996; x_wconf 88' lang='lat' dir='ltr'><strong>incipit</strong></span> <span class='ocrx_word' id='word_1_203' title='bbox 2307 2926 2376 2980; x_wconf 90' lang='lat' dir='ltr'><strong>de</strong></span> <span class='ocrx_word' id='word_1_204' title='bbox 2424 2924 2672 2995; x_wconf 85' lang='lat' dir='ltr'><strong>caligulo</strong></span> 
     </span>
     <span class='ocr_line' id='line_1_26' title="bbox 374 3007 2187 3078; baseline -0.002 -13"><span class='ocrx_word' id='word_1_205' title='bbox 374 3009 474 3065; x_wconf 90' lang='lat' dir='ltr'><strong>lib.</strong></span> <span class='ocrx_word' id='word_1_206' title='bbox 505 3009 622 3062; x_wconf 88' lang='lat'>1111.</span> <span class='ocrx_word' id='word_1_207' title='bbox 663 3011 713 3062; x_wconf 94' lang='lat' dir='ltr'><em>L</em></span> <span class='ocrx_word' id='word_1_208' title='bbox 751 3017 800 3063; x_wconf 82' lang='lat' dir='ltr'><strong>et</strong></span> <span class='ocrx_word' id='word_1_209' title='bbox 835 3012 953 3064; x_wconf 80' lang='lat' dir='ltr'><strong>sim.</strong></span> <span class='ocrx_word' id='word_1_210' title='bbox 984 3010 1082 3064; x_wconf 89' lang='lat' dir='ltr'><strong>ST</strong></span> <span class='ocrx_word' id='word_1_211' title='bbox 1220 3008 1454 3062; x_wconf 87' lang='lat' dir='ltr'><strong>tiberius</strong></span> <span class='ocrx_word' id='word_1_212' title='bbox 1492 3007 1588 3064; x_wconf 89' lang='lat' dir='ltr'><strong>lib.</strong></span> <span class='ocrx_word' id='word_1_213' title='bbox 1629 3011 1831 3064; x_wconf 85' lang='lat' dir='ltr'><strong>tertius</strong></span> <span class='ocrx_word' id='word_1_214' title='bbox 1870 3009 2101 3078; x_wconf 83' lang='lat' dir='ltr'><strong>explicit</strong></span> <span class='ocrx_word' id='word_1_215' title='bbox 2133 3010 2187 3062; x_wconf 92' lang='lat' dir='ltr'><strong><em>P</em></strong></span> 
     </span>
    </p>
   </div>
   <div class='ocr_carea' id='block_1_5' title="bbox 654 3232 2376 3992">
    <p class='ocr_par' dir='ltr' id='par_1_6' title="bbox 654 3232 2376 3992">
     <span class='ocr_line' id='line_1_27' title="bbox 654 3232 2376 3992; baseline 0 1217"><span class='ocrx_word' id='word_1_216' title='bbox 654 3232 2376 3992; x_wconf 95' lang='lat' dir='ltr'><strong> </strong></span> 
     </span>
    </p>
   </div>
   <div class='ocr_carea' id='block_1_6' title="bbox 387 4702 2253 4749">
    <p class='ocr_par' dir='ltr' id='par_1_7' title="bbox 387 4702 2253 4749">
     <span class='ocr_line' id='line_1_28' title="bbox 387 4702 2253 4749; baseline 0 -1"><span class='ocrx_word' id='word_1_217' title='bbox 387 4707 662 4749; x_wconf 67' lang='lat' dir='ltr'><strong>Sua-onv-</strong></span> <span class='ocrx_word' id='word_1_218' title='bbox 692 4708 763 4748; x_wconf 79' lang='lat' dir='ltr'><strong>ed.</strong></span> <span class='ocrx_word' id='word_1_219' title='bbox 796 4708 930 4749; x_wconf 86' lang='lat' dir='ltr'><strong>Ihm.</strong></span> <span class='ocrx_word' id='word_1_220' title='bbox 986 4708 1022 4747; x_wconf 92' lang='lat'><strong>1.</strong></span> <span class='ocrx_word' id='word_1_221' title='bbox 2194 4702 2253 4748; x_wconf 88' lang='lat'><strong>11</strong></span> 
     </span>
    </p>
   </div>
   <div class='ocr_carea' id='block_1_7' title="bbox 3248 95 3254 1586">
    <p class='ocr_par' dir='ltr' id='par_1_8' title="bbox 3248 95 3254 1586">
     <span class='ocr_line' id='line_1_29' title="bbox 3248 95 3254 1586; baseline 0 0"><span class='ocrx_word' id='word_1_222' title='bbox 3248 95 3254 1586; x_wconf 95' lang='lat' dir='ltr'><strong> </strong></span> 
     </span>
    </p>
   </div>
  </div>
 </body>
</html>
