3259 5209
1070 454 1127 509 C.
1168 453 1525 510 CALIGVLA
1566 465 1696 514 [car.
1731 465 1904 515 17-19]
2482 451 2609 517 173

312 618 647 706 cogitauit.
750 641 897 683 nam
970 617 1271 683 Baiarum
1346 617 1624 682 medium
1699 617 2111 681 interuallum
2185 616 2610 681 *Puteolanas

312 725 520 791 moles
529 775 547 809 ,
600 725 799 790 trium
854 725 1105 790 milium
1162 729 1225 788 et
1272 728 1706 788 sescentorum
1763 723 1894 787 fere
1949 745 2257 808 passuum
2313 726 2612 808 spatium,

314 837 519 916 ponte
574 831 908 898 coniunxit
965 831 1309 897 contractis
1365 830 1650 914 undique
1706 831 2017 896 onerariis
2071 830 2348 895 nauibus
2405 836 2468 896 et
2515 852 2614 896 or·

317 937 468 1003 dine
524 937 765 1022 duplici
822 938 901 1002 ad
957 925 1326 1022 anc[h]oras
1389 936 1742 1002 conlocatis
1807 937 2297 1021 superiectoque
2361 941 2613 1002 terreno

260 1071 288 1111 z
320 1067 395 1109 ac
452 1044 703 1110 derecto
761 1045 829 1108 in
875 1043 1124 1129 Appiae
1178 1045 1325 1108 uiae
1379 1043 1668 1108 formam.
1751 1066 1870 1128 per
1915 1042 2087 1108 hunc
2132 1049 2397 1128 pontem
2441 1045 2614 1108 ultro
2654 1061 2686 1108 2

320 1151 487 1216 citro
536 1152 921 1216 commeauit
965 1152 1162 1216 biduo
1210 1151 1597 1233 continenti,
1648 1150 1856 1234 primo
1915 1151 2016 1215 die
2071 1150 2402 1235 phalerato
2449 1173 2616 1234 equo

318 1258 725 1345 insignisque
773 1279 1043 1342 quercea
1088 1279 1327 1322 corona
1370 1262 1437 1322 et
1482 1262 1696 1323 caetra
1741 1263 1804 1321 et
1842 1257 2056 1344 gladio
2096 1279 2415 1340 aureaque
2452 1257 2620 1321 chla-

320 1364 541 1448 myde,
587 1363 899 1449 postridie
946 1363 1353 1450 quadrigario
1400 1363 1631 1429 habitu
1677 1363 2122 1447 curriculoque
2168 1363 2374 1449 biiugi
2421 1363 2619 1428 famo-

320 1494 542 1536 sorum
598 1493 939 1556 equorum,
992 1493 1144 1555 prae
1201 1492 1269 1536 se
1324 1471 1534 1534 ferens
1580 1469 1864 1535 Dareum
1909 1493 2180 1555 puerum
2227 1493 2304 1535 ex
2353 1469 2620 1536 Partho-

232 1605 295 1644 ιο
320 1601 469 1643 rum
518 1577 875 1661 obsidibus,
932 1578 1279 1645 comitante
1326 1579 1876 1662 praetorianorum
1931 1578 2186 1663 agmine
2231 1582 2296 1642 et
2343 1576 2412 1640 in
2456 1598 2622 1640 esse-

322 1685 427 1750 dis
494 1686 757 1750 cohorte
819 1685 1187 1751 amicorum.
1270 1687 1406 1750 scio
1466 1684 1810 1769 plerosque
1873 1685 2270 1750 existimasse
2334 1685 2528 1748 talem
2586 1705 2623 1747 a
2660 1699 2692 1748 3

324 1791 493 1856 Gaio
548 1797 813 1876 pontem
868 1791 1302 1878 excogitatum
1361 1792 1790 1856 aemulatione
1845 1789 2105 1875 Xerxis,
2153 1793 2262 1875 qui
2309 1812 2442 1856 non
2486 1791 2623 1855 sine

326 1897 749 1964 admiratione
810 1898 1140 1982 aliquanto
1201 1900 1641 1986 angustiorem
1703 1898 2196 1982 Hellespontum
2257 1897 2624 1963 contabula-

328 2006 527 2090 uerit3
574 2005 752 2090 alios,
798 2010 873 2071 ut
920 2003 1325 2071 Germaniam
1374 2011 1437 2070 et
1482 2005 1907 2090 Britanniam,
1952 2004 2185 2090 quibus
2231 2003 2626 2087 imminebat,

240 2137 297 2177 15
326 2113 601 2178 alicuius
646 2113 920 2178 inmensi
959 2113 1169 2196 operis
1207 2112 1380 2178 fama
1414 2115 1758 2177 territaret.
1843 2113 1953 2176 sed
1991 2133 2186 2177 auum
2225 2133 2437 2174 meum
2484 2132 2624 2174 nar-

328 2223 577 2284 rantem
624 2242 784 2303 puer
843 2217 1180 2284 audiebam
1240 2241 1495 2284 causam
1553 2220 1764 2303 operis
1809 2218 1892 2282 ab
1939 2218 2352 2284 interioribus
2401 2215 2624 2282 aulicis

330 2326 681 2410 proditam,
741 2326 913 2410 quod
958 2324 1419 2410 Thrasyl<l>us
1465 2325 1959 2392 mathematicus
2005 2326 2196 2390 anxio
2244 2325 2321 2388 de
2385 2344 2628 2388 succes-

332 2452 478 2496 sore
524 2430 781 2497 Tiberio
832 2436 897 2496 et
956 2433 1025 2497 in
1080 2454 1303 2498 uerum
1358 2437 1659 2517 nepotem
1708 2433 1994 2517 proniori
2042 2431 2429 2496 affirmasset
2479 2451 2627 2494 non

332 2539 575 2623 magis
616 2535 878 2604 Gaium
926 2539 1483 2624 imperaturum
1532 2561 1749 2624 quam
1801 2561 1930 2623 per
1967 2538 2334 2603 Baianum
2382 2537 2630 2602 sinum

248 2669 304 2710 so
332 2646 555 2728 equis
599 2645 1142 2712 discursurum.

334 2798 480 2804 -----.-
517 2799 552 2802 —
621 2797 692 2804 *-

482 2882 508 2928 1
552 2877 707 2946 Epic.
738 2879 842 2942 3,9
878 2874 937 2927 in
976 2874 1161 2944 spatio
1200 2874 1370 2926 trium
1405 2873 1644 2939 milium,
1683 2874 1834 2941 quod
1874 2873 1930 2926 in
1970 2873 2096 2927 sinu
2136 2874 2446 2928 Puteolano
2485 2873 2634 2928 inter

335 2954 512 3009 moles
551 2955 774 3022 (molem
805 2954 1068 3020 Landolfi
1104 2955 1219 3008 eod.
1250 2971 1317 3008 m.
1348 2957 1403 3022 2)
1442 2953 1608 3018 iacet,
1642 2953 1856 3022 duplici
1886 2954 2082 3008 ordine
2111 2970 2284 3007 naues
2316 2957 2631 3020 contexens,

337 3051 543 3090 arenae
582 3037 819 3104 aggestu
858 3035 933 3087 ad
968 3037 1151 3089 terrae
1181 3033 1425 3102 speciem
1461 3034 1615 3086 uiam
1657 3033 1956 3088 solidatam
1989 3033 2284 3102 phalerato
2323 3033 2448 3103 (fal-
2481 3037 2634 3092 Lan-

338 3117 494 3184 dolf.)
534 3132 677 3185 equo
714 3115 955 3184 insignis
993 3129 1232 3183 quercea
1268 3117 1367 3184 (sic
1402 3115 1692 3179 Schottiue,
1739 3114 2088 3184 insignisque
2127 3130 2292 3168 aerea
2329 3116 2510 3178 codd„
2548 3115 2634 3168 in-

338 3196 518 3265 signis
547 3211 831 3264 querquea
862 3195 1145 3260 Landolf.)
1177 3209 1396 3258 corona,
1435 3194 1597 3262 quasi
1632 3195 1986 3263 triumphans
2014 3194 2246 3248 indutus
2278 3211 2446 3247 aureo
2475 3193 2635 3264 palu-

340 3276 632 3342 damento,
678 3292 845 3329 curru
888 3274 1071 3346 biiugi
1128 3275 1459 3328 decucurrit.
1534 3277 1601 3342 cf.
1647 3276 1779 3328 Viet.
1806 3277 1953 3329 Caes.
1985 3279 2036 3340 4,
2062 3279 2096 3327 3
2142 3275 2326 3328 adhuc
2379 3291 2636 3329 annonae

340 3359 564 3428 egestas
594 3355 923 3426 composita,
952 3371 1119 3422 quam
1144 3353 1403 3423 Caligula
1430 3354 1741 3420 innuerat,
1772 3372 1899 3408 cum
1929 3355 2146 3409 adactis
2167 3357 2286 3408 toto
2317 3354 2448 3408 orbe
2479 3355 2634 3408 naui-

340 3436 450 3506 giis
475 3435 731 3506 peruium
754 3451 908 3489 mare
933 3434 1169 3488 theatris
1202 3433 1565 3502 curribusque
1591 3435 1796 3487 damno
1827 3433 2055 3502 publico
2081 3435 2298 3489 efficere
2330 3435 2635 3489 contendit.

488 3627 518 3675 1
555 3621 861 3676 Baulorum
884 3619 1023 3678 oud.
1054 3622 1191 3690 (Dio
1221 3625 1392 3686 59,17
1421 3621 1750 3690 γεφυρώσας
1777 3622 1840 3674 τὸ
1866 3622 2067 3689 μεταξὺ
2095 3630 2207 3675 τῶν
2229 3641 2288 3675 τε
2311 3622 2639 3676 Πουτεόλων

342 3701 441 3757 καὶ
475 3710 588 3756 τῶν
626 3702 879 3771 Βαύλων)
1050 3700 1438 3772 interuallum]
1478 3702 1624 3754 inter
1663 3700 1867 3755 Baulos
1906 3705 1964 3754 et
2001 3703 2268 3757 Bt'leheler
2444 3707 2500 3756 et
2536 3721 2641 3772 pu-

342 3781 601 3837 teolanae
647 3785 727 3850 (et
760 3799 829 3837 ss.
866 3799 935 3835 m.
968 3787 998 3836 1
1028 3789 1091 3836 ut
1126 3782 1264 3850 uid.)
1303 3783 1346 3836 S
1371 3783 1507 3849 (edd.
1533 3783 1670 3850 pler.
1695 3788 1820 3851 post
1859 3783 2147 3848 Beroalcl„
2194 3786 2251 3835 et
2297 3781 2640 3838 Puteolanae

344 3862 509 3916 molis
554 3863 633 3918 ed.
664 3863 844 3918 Basa.
886 3867 1048 3927 1533,
1090 3862 1279 3930 om),
1324 3877 1502 3929 usque
1549 3861 1620 3914 ad
1668 3861 1726 3915 P.
1765 3861 1844 3916 ed.
1891 3864 2016 3915 Ven.
2051 3867 2210 3928 1490,
2250 3879 2428 3930 usque
2461 3863 2519 3917 P.
2559 3865 2639 3918 ed.

346 3943 531 3998 Paris.
552 3947 697 3997 1509
724 3943 933 4011 (malim
961 3941 1299 3995 Puteolanas
1327 3945 1542 4009 usque),
1573 3940 1910 3995 Puteolana-s
1950 3942 2022 3994 ad
2061 3943 2208 4012 uuly.
2232 3949 2358 4011 post
2390 3945 2643 4011 Oasaub.,

346 4022 423 4078 ad
448 4021 508 4077 P.
537 4040 565 4077 e
592 4023 705 4078 cod.
743 4023 894 4077 Torr.
928 4023 1073 4077 Roth
1208 4027 1239 4073 2
1280 4024 1668 4074 sexcentorum
1689 4023 1847 4091 XHQ
1955 4029 1986 4075 4
2017 4038 2250 4076 ancoras
2285 4024 2334 4076 T
2437 4039 2642 4092 aggere

342 4111 467 4172 post
503 4103 929 4172 superiectoque
967 4101 1093 4156 add.
1131 4099 1283 4155 ‘FP'
1311 4101 1471 4170 (edd.)
1620 4108 1652 4154 6
1691 4100 1929 4155 falerato
1959 4105 2011 4155 Ω
2164 4107 2190 4154 7
2230 4102 2468 4171 insignis
2508 4121 2642 4170 quo-

346 4199 459 4252 que
498 4185 553 4235 X
725 4197 965 4250 quercea
1002 4201 1033 4248 ρ
1071 4182 1286 4250 (Roth),
1332 4181 1614 4248 quiercica
1649 4184 1722 4235 M
1730 4182 1798 4246 G,
1842 4182 2104 4249 quorcica
2148 4184 2245 4246 Te,
2287 4198 2452 4235 aerea
2496 4187 2644 4252 (erea

348 4263 473 4328 PT,
500 4278 637 4316 exea
665 4262 751 4331 8¹)
774 4265 839 4327 X,
870 4276 1039 4314 aurea
1070 4259 1232 4326 L²S²‚
1262 4261 1528 4328 quercina
1555 4263 1753 4329 (Lips.)
1788 4269 1834 4314 et
1865 4278 2109 4329 quernea
2140 4279 2188 4326 ς,
2220 4280 2294 4315 an
2324 4263 2646 4331 querquea?

348 4343 441 4411 (cf.
472 4345 660 4397 testim.
690 4345 880 4412 supra)
1052 4340 1282 4395 caethra
1312 4341 1408 4406 Ι),
1446 4343 1639 4412 cetura
1677 4344 1808 4410 (cet-
1831 4342 1955 4411 HQ)
1980 4343 2162 4396 MGT
2194 4349 2242 4395 et
2267 4359 2369 4410 pro
2397 4361 2451 4394 u.
2485 4345 2516 4396 1.
2549 4344 2645 4404 L‘-·,

350 4422 621 4477 cathedra
650 4421 853 4476 POST
882 4423 1057 4490 (cetra
1086 4422 1329 4490 primum
1368 4424 1431 4475 in
1466 4423 1547 4474 ed.
1580 4424 1723 4475 Bon.
1757 4426 1919 4490 14⁸⁸)
2065 4427 2096 4474 8
2136 4425 2359 4490 postero
2400 4422 2490 4474 die
2525 4425 2574 4477 G

350 4501 703 4572 quadrigarii
736 4503 965 4570 Lipsius
1062 4501 1183 4571 bigi
1217 4502 1266 4554 G
1354 4507 1417 4554 12
1455 4501 1653 4554 Xerxis
1683 4502 1877 4570 (xersis
1911 4505 1966 4555 ι’·ιι
1998 4503 2284 4571 archetypo
2311 4503 2442 4570 fuit)
2481 4521 2647 4571 usque

350 4583 725 4638 admiratione
755 4601 855 4637 om.
890 4583 941 4636 G
1052 4587 1117 4634 13
1147 4581 1533 4650 angustior-um
1566 4585 1640 4636 M
1748 4588 1810 4635 18
1840 4582 1898 4634 in
1928 4600 2027 4637 om.
2054 4584 2126 4636 M
2151 4585 2366 4648 (uerum
2395 4582 2449 4634 in
2487 4583 2645 4650 Oud.)
