3259 5209
640 492 725 559 36
1345 491 1401 546 O.
1443 490 1732 546 SVETON
1733 490 1759 543 Ι
1795 490 2240 555 TRANQVILLI

534 656 628 721 69
825 654 1219 720 Seditionem
1275 676 1389 738 per
1447 655 1662 719 decem
1720 676 1920 717 annos
1975 652 2238 719 Gallicis
2286 653 2471 717 bellis
2518 652 2764 717 nullam
2813 673 2946 715 om-

643 764 799 827 nino
846 767 1206 846 mouerunt,
1255 760 1555 826 ciuilibus
1599 762 1869 844 aliquae,
1917 762 2026 825 sed
2071 764 2147 823 ut
2193 760 2486 825 celeriter
2529 759 2608 822 ad
2656 760 2944 823 officium

643 870 978 952 redierint,
1032 890 1151 933 nec
1208 873 1340 932 tam
1398 868 1800 954 indulgentia
1837 866 2033 951 ‘ducis
2091 889 2285 950 quam
2332 867 2732 933 auctoritate.
2815 887 2948 929 non

643 978 817 1039 enim
856 976 1047 1040 cessit
1084 997 1388 1059 umquam
1434 973 1982 1039 tumultuantibus
2019 980 2215 1057 atque
2253 974 2446 1037 etiam
2486 973 2744 1038 obuiam
2785 994 2952 1036 sem-

643 1106 761 1166 per
808 1083 911 1167 iit3
967 1087 1032 1145 et
1076 1105 1313 1147 nonam
1372 1082 1627 1165 quidem
1687 1081 2008 1164 legionem
2057 1081 2227 1164 apud
2271 1080 2697 1162 Placentiam,
2749 1102 2952 1163 quan·
3007 1104 3036 1141 5

643 1211 838 1272 quam
887 1192 957 1252 in
1002 1189 1196 1253 armis
1245 1187 1452 1252 adhuc
1498 1187 1847 1271 Pompeius
1895 1192 2090 1270 esset,
2144 1191 2347 1251 totam
2398 1208 2544 1252 cum
2591 1186 2954 1269 ignominia

646 1295 907 1359 missam
963 1296 1119 1359 fecit
1173 1318 1487 1381 aegreque
1541 1300 1695 1379 post
1748 1294 1984 1359 multas
2043 1298 2106 1359 et
2161 1293 2473 1378 supplicis
2529 1314 2776 1376 preceS,
2833 1314 2955 1356 nec

540 1400 773 1467 70nisi
837 1406 1061 1467 exacta
1122 1402 1201 1465 de
1265 1401 1558 1466 sontibus
1620 1424 1853 1484 poena,
1917 1402 2228 1485 restituit3
2303 1399 2670 1463 decimanos
2735 1404 2952 1463 autem

644 1508 891 1573 Romae
938 1531 1084 1573 cum
1132 1508 1506 1592 ingentibus
1554 1509 1746 1571 minis
1790 1530 2169 1591 summoque
2210 1508 2400 1571 etiam
2439 1505 2618 1570 urbis
2661 1506 2952 1587 periculo

646 1616 1018 1680 missionem
1058 1620 1123 1680 et
1161 1617 1443 1699 praemia
1482 1615 1865 1700 flagitantes,
1903 1615 2166 1678 ardente
2203 1619 2356 1678 tunc
2394 1614 2460 1676 in
2499 1610 2722 1677 Africa
2761 1612 2954 1694 bello.
2987 1637 3040 1675 ιο

642 1745 852 1806 neque
918 1724 1091 1787 adire
1157 1726 1491 1786 cunctatus
1558 1725 1682 1803 est,
1754 1743 2118 1805 quanquam
2181 1719 2649 1784 deterrentibus
2709 1719 2954 1801 amiciS,

646 1852 855 1912 neque
902 1829 1249 1911 dimittere;
1298 1829 1407 1891 sed
1452 1851 1582 1891 una
1618 1850 1796 1911 uoce,
1844 1850 1970 1911 qua
2009 1826 2289 1903 Quirites
2328 1848 2436 1891 eos
2472 1848 2593 1911 pro
2633 1824 2954 1890 militibus

644 1937 1029 2020 appellarat,
1086 1940 1216 1998 tam
1276 1934 1463 2000 facile
1510 1934 1888 2019 circumegit
1934 1938 1999 1997 et
2045 1934 2251 2016 flexit,
2303 1937 2379 1996 ut
2423 1933 2482 1996 ei
2529 1932 2768 1996 milites
2815 1954 2956 1996 esse

646 2042 986 2106 confestim
1035 2041 1483 2125 responderint
1538 2045 1602 2103 et
1651 2041 1946 2124 quamuis
2001 2046 2401 2105 recusantem
2447 2043 2619 2103 ultro
2669 2040 2736 2102 in
2783 2038 2954 2102 Afri-

648 2170 789 2212 cam
849 2150 979 2212 sint
1040 2150 1269 2233 secuti3
1326 2171 1399 2212 ac
1454 2150 1548 2211 sic
1606 2170 1864 2231 quoque
1917 2147 2472 2211 seditiosissimum
2524 2168 2842 2229 quemque
2888 2150 2956 2209 et
2989 2168 3036 2207 ιτ»

649 2255 921 2339 praedae
967 2259 1031 2318 et
1078 2256 1213 2340 agri
1265 2255 1567 2318 destinati
1614 2255 1808 2317 tertia
1853 2259 2032 2337 parte
2078 2254 2396 2345 multauit.

544 2358 629 2423 71
836 2360 1134 2426 Studium
1166 2367 1230 2425 et
1256 2362 1413 2424 fides
1444 2382 1597 2444 erga
1637 2361 1887 2424 clientis
1925 2383 2004 2423 ne
2043 2360 2258 2424 iuueni
2299 2359 2554 2443 quidem
2595 2358 2956 2422 defuerunt.

650 2468 1042 2532 Masintham
1100 2468 1384 2532 nobilem
1444 2468 1769 2540 iuuenem,
1827 2490 1972 2531 cum
2021 2466 2325 2531 aduersus
2371 2465 2813 2549 Hiempsalem
2861 2488 2957 2528 re-

648 2597 797 2661 gem
844 2580 975 2638 tam
1026 2575 1211 2639 enixe
1249 2574 1656 2656 defendisset,
1703 2579 1776 2636 ut
1814 2572 2012 2638 Iubae
2049 2576 2220 2660 regis
2257 2574 2392 2636 filio
2433 2574 2501 2636 in
2539 2574 2956 2637 altercatione

652 2682 918 2746 barbam
967 2682 1300 2763 inuaserit,
1358 2681 1848 2765 stipendiarium
1895 2701 2150 2763 quoque
2197 2680 2684 2763 pronuntiatum
2736 2682 2800 2742 et
2846 2679 2955 2743 ab·
2987 2702 3038 2738 20

652 2789 1093 2853 strabentibus
1143 2789 1363 2852 statim
1410 2787 1648 2870 eripuit
1696 2787 2173 2870 occultauitque
2221 2788 2390 2869 apud
2439 2808 2507 2849 se
2554 2784 2662 2850 diu
2702 2790 2765 2849 et
2803 2808 2957 2849 mox

651 2918 731 2960 ex
778 2899 1078 2979 praetura
1124 2895 1535 2979 proficiscens
1583 2894 1653 2956 in
1690 2893 2070 2977 Hispaniam
2117 2894 2284 2956 inter
2322 2894 2534 2957 officia
2570 2915 2955 2976 prosequen-

654 3005 815 3066 tium
867 3003 1192 3086 fascesque
1238 3000 1541 3065 lictorum
1589 3000 1815 3064 lectica
1861 3022 1975 3063 sua
2021 3000 2253 3064 auexit.

547 3104 636 3168 7⁶2
842 3109 1103 3172 Amicos
1158 3112 1340 3171 tanta
1396 3129 1645 3191 semper
1700 3107 2010 3171 facilitate
2063 3106 2589 3191 indulgentiaque
2636 3106 2959 3189 tractauit,

656 3219 729 3278 ut
793 3214 949 3278 Gaio
1012 3214 1222 3298 Oppio
1286 3215 1621 3278 comitanti
1693 3235 1758 3276 se
1818 3235 1932 3296 per
1995 3213 2288 3276 siluestre
2347 3214 2472 3278 iter
2532 3216 2958 3296 correptoque
2989 3233 3038 3271 25

654 3322 869 3385 subita
925 3320 1280 3384 ualitudine
1338 3320 1939 3403 deuersoriolo[co],
1997 3320 2170 3403 quod
2226 3342 2424 3383 unum
2474 3322 2638 3402 erat,
2697 3319 2961 3382 cesserit

654 3434 719 3492 et
768 3428 903 3511 ipse
950 3428 1133 3491 humi
1181 3450 1254 3491 ac
1302 3427 1422 3490 sub
1463 3427 1612 3491 diuo
1653 3426 1962 3490 cubuerit.
2039 3427 2166 3489 iam
2215 3430 2430 3489 autem
2476 3448 2692 3489 rerum
2731 3430 2961 3509 potens

797 3602 828 3648 ὃ
868 3597 935 3660 cf.
969 3596 1139 3647 Schol.
1164 3595 1381 3647 Lucan.
1410 3595 1461 3647 V
1484 3599 1593 3647 310
1623 3593 1930 3645 secundum
1959 3592 2060 3645 Iul.
2083 3592 2302 3645 Celsum
2335 3592 2445 3645 ista
2476 3589 2682 3645 seditio
2709 3608 2822 3646 non
2850 3590 2964 3645 fuit

654 3674 961 3743 generaliS‚
1012 3674 1109 3727 sed
1149 3678 1370 3726 tantum
1409 3674 1469 3726 in
1505 3690 1656 3727 nona
1693 3672 1943 3741 legione,
1992 3673 2126 3740 quia
2165 3672 2212 3723 si
2249 3672 2455 3725 fuisset-
2493 3670 2800 3741 generali5‚
2847 3689 2964 3725 non

655 3756 733 3808 sic
780 3754 985 3807 fuisset
1023 3772 1155 3807 usus
1197 3753 1453 3807 audacia.
1512 3758 1567 3805 et
1606 3753 1713 3806 fuit
1756 3752 2106 3815 Placentiae,
2145 3752 2244 3804 ubi
2295 3752 2621 3805 conuocatis
2659 3750 2854 3804 multis
2895 3768 2962 3804 ex

656 3835 785 3888 aliis
814 3836 890 3887 XI
926 3834 1265 3901 legionibus,
1304 3851 1445 3901 quas
1484 3851 1672 3887 secum
1703 3833 2071 3898 conducebat,
2102 3832 2239 3885 fecit-
2269 3849 2333 3885 ex
2365 3832 2648 3899 aliquibus
2680 3830 2962 3885 iustitiam

655 3920 714 3969 et
752 3914 979 3968 sedauit
1022 3914 1327 3967 tumultum
1364 3914 1541 3966 illum.

801 4064 830 4110 3
860 4057 1109 4111 redirent
1130 4060 1187 4108 X
1300 4062 1330 4109 6
1361 4058 1508 4108 essct
1536 4056 1827 4124 pompeius
1852 4060 1908 4107 ,Y
2021 4054 2299 4107 Domitius
2322 4056 2374 4109 C..
2395 4056 2458 4108 G.
2477 4056 2687 4108 Mallov-
2809 4059 2874 4106 10
2905 4054 2964 4106 in

658 4140 756 4193 del.
778 4141 972 4193 Burm.
1115 4143 1176 4190 11
1211 4136 1625 4190 deterrentibus
1646 4138 1732 4200 ils,
1775 4138 1897 4187 inde
1925 4136 2352 4189 dehortantibus
2375 4137 2606 4203 Bentley
2745 4140 2808 4185 12
2841 4134 2964 4205 sed]

659 4224 715 4273 et
740 4221 969 4289 Bentley
1074 4224 1138 4270 13
1170 4234 1289 4270 esse
1312 4234 1369 4269 se
1393 4236 1442 4282 ς,
1474 4234 1530 4269 se
1555 4233 1674 4269 esse
1695 4218 1924 4285 Bentley
2029 4222 2090 4267 17
2125 4217 2216 4285 ne]
2247 4214 2376 4267 neni
2399 4218 2470 4268 J!
2495 4216 2644 4284 (inde
2672 4214 2729 4267 in
2761 4214 2965 4267 iuuene

661 4302 929 4368 Bentley).
966 4315 1070 4350 nec
1104 4298 1211 4349 Po
1361 4302 1425 4350 18
1464 4296 1829 4349 masinthiam
1861 4313 2050 4362 [mess-
2076 4296 2138 4363 O)
2162 4300 2218 4347 Χ
2353 4296 2614 4347 iuuenem
2643 4293 2888 4347 nobilem
2917 4295 2968 4347 G

660 4386 725 4433 19
766 4379 968 4432 obnixe
998 4378 1051 4431 G
1206 4384 1273 4430 20
1314 4378 1722 4445 stipendiarum
1751 4378 1920 4441 311⁸,
1962 4376 2140 4427 -dium
2177 4378 2222 4444 Q
2377 4382 2441 4427 22
2482 4375 2837 4443 praefectura
2870 4375 2966 4433 Ges

660 4466 725 4511 26
759 4458 1134 4512 deuersoriolo
1160 4459 1413 4521 Casa-nb„
1453 4458 1771 4510 deuersorio
1802 4456 1924 4509 loco
1948 4460 1998 4508 ,Ω
2031 4456 2131 4524 (di-
2164 4457 2314 4509 codd.
2341 4464 2560 4523 praeter
2582 4458 2667 4521 M,
2705 4455 2764 4507 in
2795 4454 2878 4505 di·
2909 4458 2966 4517 T,

659 4541 882 4592 diuerso
914 4540 1029 4608 N),
1084 4538 1458 4590 deuersoriolo
1499 4554 1562 4590 eo
1605 4540 1924 4590 politianus
1962 4537 2298 4604 (Heinsius),
2347 4536 2666 4589 deuersorio
2706 4534 2968 4587 cubiculo

666 4622 933 4673 Graec-ius
1081 4624 1145 4671 27
1190 4620 1242 4671 et
1285 4618 1383 4670 del.
1418 4620 1648 4685 Bentley
1795 4616 2120 4670 accubuerit
2161 4620 2204 4668 T
2239 4619 2320 4674 (in,
2345 4618 2388 4686 Q
2421 4617 2697 4683 praeeedit
2736 4613 2854 4683 diu)
