3259 5209
1139 408 1357 463 DIVVS
1396 408 1607 463 TITVS
1646 420 1776 470 [cu.
1805 421 1930 470 a—s]
2551 409 2678 474 331

385 593 608 637 caesos
636 593 709 636 ac
736 571 1086 638 nouissime
1114 572 1445 638 traductos
1476 594 1590 655 per
1618 571 2078 656 amphitheatri
2112 571 2414 638 harenam
2448 573 2684 657 partim

384 677 589 743 subici
648 701 723 745 ac
779 680 995 744 uenire
1052 679 1422 763 imperauit,
1483 681 1715 763 partim
1777 680 1844 744 in
1899 681 2280 764 asperrimas
2329 679 2682 745 insularum

384 784 591 850 auehi.
667 791 865 869 utque
895 787 1085 851 etiam
1128 787 1365 850 similia
1402 786 1659 870 quando
1698 808 1820 869 que
1862 808 2132 852 ausuros
2170 790 2481 872 perpetuo
2513 808 2685 852 coer—

382 895 573 974 ceret,
636 893 847 958 uetuit
911 893 1079 957 inter
1133 897 1343 958 cetera
1400 893 1477 956 de
1534 893 1755 957 eadem
1811 916 1880 957 re
1936 892 2232 977 pluribus
2278 893 2532 980 legibus
2577 896 2684 979 agi

326 1029 353 1070 5
386 999 689 1082 quaeriue
737 998 815 1062 de
861 1001 1238 1083 cuiusquam
1286 998 1734 1064 defunctorum
1783 1003 1958 1064 statu
2004 999 2177 1064 ultra
2212 1004 2422 1066 certos
2459 1022 2680 1066 annos

562 1105 1019 1172 Pontificatum
1070 1106 1424 1171 maximum
1474 1106 1617 1170 ideo
1666 1129 1732 1170 se
1770 1107 2099 1190 professus
2135 1108 2419 1190 accipere
2456 1110 2531 1171 ut
2566 1130 2681 1192 pu·
2729 1108 2774 1174 9

382 1235 487 1276 ras
544 1216 833 1277 seruaret
883 1234 1139 1295 manus,
1195 1213 1389 1278 fidem
1438 1213 1778 1296 praestitit,
1823 1235 1942 1278 nec
1987 1217 2214 1280 auctor
2258 1213 2530 1298 posthac
2577 1235 2681 1278 cu-

382 1318 680 1403 iusquam
710 1321 885 1383 necis
923 1341 1043 1384 nec
1080 1320 1391 1400 conscius,
1440 1321 1732 1403 quamuis
1763 1321 2082 1385 interdum
2111 1313 2463 1385 ulciscendi
2493 1342 2683 1386 causa

382 1448 514 1490 non
555 1425 821 1508 deesset,
868 1426 976 1490 sed
1024 1429 1454 1511 periturum
1502 1449 1577 1492 se
1623 1428 1886 1511 potius
1937 1449 2154 1512 quam
2201 1426 2680 1513 perditurum

300 1565 353 1602 ιο
383 1532 698 1597 adiurans.
787 1533 949 1597 duos
995 1533 1253 1618 patricii
1299 1534 1551 1620 generis
1599 1535 1932 1599 conuictos
1981 1535 2046 1598 in
2093 1534 2523 1600 adfectatione
2567 1536 2680 1599 im-

380 1641 543 1725 perii
590 1638 754 1703 nihil
794 1641 1068 1724 amplius
1109 1661 1298 1723 quam
1337 1644 1410 1704 ut
1456 1641 1834 1704 desisterent
1879 1642 2148 1724 monuit,
2194 1640 2428 1706 docens
2473 1642 2680 1726 prin-

384 1746 720 1830 cipatum
794 1747 954 1810 fato
1025 1747 1215 1831 dari,
1240 1744 1265 1776 ⁴
1299 1748 1353 1811 si
1418 1747 1574 1831 quid
1639 1751 1968 1831 praeterea
2031 1747 2464 1813 desiderarent
2532 1771 2674 1835 pro-

380 1852 643 1917 mittens
691 1875 758 1918 se
804 1853 1215 1918 tributurum.
1294 1859 1359 1917 et
1405 1853 1742 1918 confestim
1792 1854 2048 1937 quidem
2105 1853 2186 1918 ad
2239 1855 2502 1920 alterius
2548 1877 2678 1919 ma-
2716 1873 2747 1922 2
2809 1889 2818 1898 ·

380 1962 562 2042 trem,
629 1981 789 2043 quae
853 1960 1082 2044 procul
1146 1960 1385 2044 aberat,
1450 1980 1738 2024 cursores
1805 1981 1954 2025 suos
2019 1962 2216 2044 misit,
2283 1963 2396 2045 qui
2453 1963 2679 2026 anxiae

300 2097 353 2136 ιε,
384 2065 637 2130 saluum
694 2066 899 2131 filium
946 2067 1337 2150 nuntiarent,
1392 2071 1674 2131 ceterum
1723 2068 1896 2150 ipsos
1942 2089 2074 2130 non
2121 2067 2329 2132 solum
2376 2068 2678 2133 familiari

382 2193 571 2236 cenae
628 2172 948 2256 adhibuit,
1004 2173 1109 2238 sed
1168 2179 1233 2238 et
1278 2174 1644 2257 insequenti
1690 2174 1791 2239 die
1838 2173 2266 2260 gladiatorum
2312 2176 2677 2259 spectaculo

382 2279 553 2343 circa
598 2301 665 2343 se
712 2302 791 2343 ex
837 2279 1151 2343 industria
1190 2281 1541 2344 conlocatis
1580 2279 1797 2344 oblata
1825 2279 1950 2344 sibi
1979 2281 2362 2346 ferramenta
2389 2304 2676 2368 pugnan-

381 2386 544 2450 tium
614 2386 1013 2470 inspicienda
1075 2389 1376 2470 porrexit.
1471 2387 1710 2451 dicitur
1765 2386 1959 2451 etiam
2022 2389 2285 2474 cognita
2343 2389 2678 2472 utriusque

378 2493 677 2578 genitura
709 2493 1100 2558 imminere
1139 2493 1503 2558 ambobus
1540 2495 1966 2578 periculum
1997 2493 2381 2578 adfirmasse,
2417 2517 2676 2560 uerum

294 2629 351 2669 20
381 2599 833 2683 quandoque
880 2604 956 2664 et
1000 2601 1086 2663 ab
1136 2601 1317 2684 alio,
1364 2599 1531 2666 sicut
1576 2602 1807 2664 euenit.

560 2753 588 2799 7
629 2749 864 2818 Βίην-ορ.
909 2749 1023 2802 VII
1058 2753 1149 2814 21,
1166 2753 1205 2802 2
1254 2747 1466 2802 Romae
1504 2751 1698 2802 tantae
1736 2747 2030 2802 ciuilitatis
2068 2748 2128 2802 in
2165 2749 2401 2820 imperio
2439 2749 2574 2816 fuit,
2611 2753 2678 2804 ut

376 2827 595 2880 nullum
634 2829 859 2882 omnino
896 2829 1149 2898 puniret,
1196 2829 1484 2882 conuictos
1522 2828 1820 2883 aduersum
1859 2845 1919 2882 se
1955 2831 2097 2898 (sese
2134 2831 2227 2899 al.)
2272 2829 2675 2884 coniurationis

378 2908 656 2963 dimiserit
706 2911 763 2963 et
809 2908 923 2978 (uel
960 2909 1179 2976 Har-tel)
1226 2909 1286 2961 in
1333 2908 1530 2962 eadem
1576 2908 1966 2962 familiaritate
2013 2926 2126 2977 qna
2181 2911 2350 2963 antea
2395 2909 2673 2963 habuerit.

382 2989 533 3044 Oros.
577 2989 700 3044 VII
726 2994 780 3056 9,
801 2993 871 3042 13
926 2989 1085 3044 cuius
1131 2991 1294 3042 tanta
1340 2989 1725 3057 tranquillitas
1774 2989 1835 3043 in
1879 2990 2116 3058 imperio
2163 2989 2274 3043 fuit
2287 3034 2300 3057 ‚
2353 2991 2419 3042 ut
2462 2989 2674 3043 nullius

378 3067 605 3123 omnino
652 3070 985 3141 sanguinem
1028 3071 1089 3122 in
1134 3085 1195 3124 re
1232 3069 1459 3138 publica
1496 3069 1946 3123 administranda
1981 3068 2196 3124 fudisse
2239 3069 2530 3123 referatur.

381 3153 447 3202 10
458 3167 577 3218 sqq.
610 3149 795 3205 Victor
833 3150 980 3205 Caes.
1024 3155 1111 3215 10,
1132 3155 1166 3203 3
1187 3167 1261 3218 sq.
1301 3165 1485 3217 neque
1518 3149 1706 3202 minus
1745 3151 1936 3202 sancte
1972 3149 2160 3203 facilis
2196 3149 2256 3202 in
2293 3149 2538 3216 tuendis,
2575 3150 2674 3218 qui

376 3227 521 3282 forte
558 3229 617 3282 in
656 3245 715 3284 se
744 3229 1205 3292 coniurauissent,
1237 3229 1376 3283 adeo
1406 3233 1488 3294 ut,
1526 3247 1652 3282 cum
1681 3228 2017 3297 amplissimi
2045 3229 2258 3283 ordinis
2287 3229 2399 3282 duo
2429 3229 2674 3284 abnuere

376 3309 691 3379 cogitatum
739 3309 918 3363 scelus
964 3310 1263 3377 nequirent
1304 3311 1607 3378 patresque
1660 3310 2007 3364 censuissent
2044 3310 2113 3363 de
2152 3308 2422 3364 confessis
2458 3308 2674 3380 suppli-

378 3388 527 3441 cium
565 3389 912 3457 sumendum,
949 3388 1219 3443 deductos
1258 3389 1318 3442 in
1346 3388 1731 3458 spectaculum
1761 3406 1822 3444 se
1849 3390 2132 3458 utrimque
2161 3389 2420 3445 adsidere
2447 3390 2674 3444 iusserit

376 3469 671 3538 petitoque
698 3486 765 3523 ex
794 3469 1074 3524 industria
1102 3469 1436 3539 gladiatoris
1465 3475 1633 3537 (-rum
1668 3470 1843 3538 Opia,
1879 3469 2282 3524 mirmillonum
2301 3471 2498 3540 Epis),
2535 3487 2672 3538 quo-

374 3566 495 3602 rum
536 3566 763 3620 pugnae
799 3550 1143 3612 uisebantur,
1182 3549 1375 3618 gladio
1415 3550 1577 3618 quasi
1615 3550 1689 3603 ad
1728 3549 2129 3618 explorandam
2167 3549 2347 3604 aciem
2372 3550 2673 3618 uniatque

374 3628 541 3684 alteri
580 3629 955 3684 committeret
992 3630 1361 3698 (committere
1396 3631 1570 3695 codd„
1608 3630 1951 3684 commiserit
1986 3631 2182 3700 Epa).
2248 3631 2408 3698 queis
2446 3631 2672 3700 (quibus

378 3711 555 3778 Epit.)
592 3709 865 3777 perculsis
894 3713 951 3764 et
979 3711 1353 3764 constantiam
1382 3709 1742 3764 mirantibus:
1783 3709 2082 3775 uidetisne,
2120 3711 2323 3780 inquit,
2359 3713 2670 3780 potestates

374 3790 495 3843 fato
533 3789 657 3843 dari
692 3791 1012 3860 frustraque
1048 3790 1317 3858 temptari
1355 3788 1574 3844 facinus
1614 3789 1875 3858 potiundi
1905 3806 2004 3859 spe
2030 3790 2124 3843 uel
2153 3790 2449 3844 amittendi
2478 3794 2672 3845 metu?

376 3869 528 3937 (inde
563 3871 848 3926 nonnullis
884 3871 1111 3925 mutatis
1142 3872 1298 3938 Epit.
1332 3876 1418 3934 10,
1443 3875 1511 3924 10
1546 3871 1645 3924 ubi
1681 3877 1809 3925 ante
1847 3870 2118 3924 deductos
2156 3871 2410 3926 additum
2445 3888 2512 3926 ex
2539 3870 2669 3926 Sue-

377 3951 528 4005 tonio
563 3949 810 4019 primum
844 3950 1141 4016 monuerit,
1180 3951 1342 4018 post).

519 4081 549 4126 2
608 4077 698 4146 ac]
737 4078 837 4128 aut
884 4075 925 4130 S
968 4074 1171 4144 (subici
1206 4091 1374 4144 usque
1418 4075 1627 4143 partim
1674 4092 1774 4129 om.
1804 4074 1984 4142 L¹P)‚
2040 4073 2099 4126 in
2145 4090 2335 4129 seruos
2382 4090 2448 4126 ac
2495 4072 2670 4132 H‘Iss-

372 4155 574 4226 (qlossa
618 4155 678 4207 in
724 4171 913 4208 seruos
959 4172 1027 4210 ss.
1076 4157 1137 4209 in
1180 4175 1205 4208 ε
1243 4156 1474 4222 aliisque
1512 4156 1563 4222 ς)
1709 4154 2018 4222 asperrima
2057 4155 2171 4209 HR
2315 4159 2346 4206 6
2383 4151 2668 4221 professus

374 4237 463 4288 est
489 4235 589 4290 ST
726 4240 755 4288 ‘1
794 4237 1047 4291 seruaret
1075 4235 1206 4305 HQ,
1263 4236 1541 4288 seruasset
1576 4235 1670 4288 rel.
1710 4241 1760 4288 et
1785 4235 1852 4288 N
2004 4239 2034 4286 9
2083 4232 2458 4308 perditurum]
2503 4233 2668 4302 puni-

373 4315 563 4368 turum
597 4318 667 4369 Te
707 4317 789 4384 (in
822 4317 921 4370 hoc
956 4332 1024 4370 88.
1061 4313 1095 4367 i
1130 4314 1295 4384 peri-)
1450 4319 1517 4368 10
1556 4315 1747 4368 iurans
1778 4314 1876 4379 11¹,
1933 4313 2218 4366 affirmans
2251 4314 2301 4368 G
2339 4320 2388 4368 et
2423 4315 2486 4366 in
2522 4331 2669 4368 mar-

372 4397 501 4466 yine
545 4402 745 4450 resecta
780 4413 850 4450 m.
891 4401 920 4449 1
962 4395 1019 4467 <.
1044 4438 1053 4449 .
1079 4395 1268 4466 >rans
1317 4399 1436 4464 (om.
1474 4398 1530 4464 9)
1711 4393 2009 4448 affectione
2052 4393 2236 4464 GH¹Q
2419 4399 2482 4446 12
2530 4393 2668 4462 quid

379 4475 547 4542 θΝδ,
584 4475 737 4543 quod
764 4477 857 4530 rel.
1000 4481 1063 4528 16
1092 4479 1149 4528 et
1178 4493 1276 4529 οπι.
1308 4479 1365 4528 X
1387 4475 1571 4544 (ond.)
1712 4480 1777 4527 17
1808 4476 2136 4528 ornamenta
2171 4477 2218 4526 T
2353 4478 2416 4526 19
2445 4474 2667 4544 uerum]

373 4557 676 4609 uenturum
710 4554 781 4608 'P'
925 4561 994 4608 20
1033 4556 1112 4608 sic
1156 4555 1241 4625 Gy
1279 4556 1391 4624 (sed
1428 4557 1485 4608 in
1531 4556 1581 4609 G
1617 4571 1726 4608 ras.
1765 4571 1937 4623 supra
1976 4572 2005 4607 c
2043 4560 2105 4608 ut
2141 4554 2380 4622 uidetur)
