3259 5209
590 430 717 494 156
1290 429 1346 484 C.
1387 428 1703 484 SVETONI
1738 429 2184 496 TRANQVILLI

590 593 797 658 nihilo
856 594 1140 658 securior
1194 597 1305 658 aut
1361 594 1759 658 constantior
1810 615 1927 678 per
1981 617 2215 660 nouem
2261 595 2592 679 proximos
2639 615 2890 659 menses

593 722 723 764 non
771 722 1067 786 egressus
1114 703 1211 764 est
1256 699 1433 784 uilla,
1480 722 1643 783 quae
1689 704 1959 766 uocatur
2001 699 2197 767 Ionis.

478 803 576 869 66
768 806 1060 873 Vrebant
1106 807 1368 890 insuper
1413 807 1669 872 anxiam
1715 811 1993 872 mentem
2041 806 2224 872 uaria
2257 807 2543 890 undique
2581 807 2891 890 conuicia,

586 913 767 978 nullo
831 935 963 979 non
1028 912 1475 978 damnatorum
1542 935 1732 978 omne
1795 915 2019 998 probri
2084 936 2286 1000 genus
2343 935 2559 978 coram
2616 914 2722 979 uel
2777 936 2895 998 per

589 1021 849 1086 libellos
896 1020 964 1084 in
1011 1020 1340 1086 orchestra
1384 1020 1633 1104 positos
1681 1021 2029 1107 ingerente.
2114 1021 2352 1105 quibus
2393 1021 2650 1105 quidem
2691 1021 2898 1086 diuer-
2965 1047 3008 1088 5

590 1128 840 1192 sissime
897 1126 1341 1208 adficiebatur,
1398 1127 1592 1192 modo
1648 1132 1723 1192 ut
1777 1151 1932 1212 prae
1987 1129 2236 1214 pudore
2289 1129 2519 1216 ignota
2575 1131 2642 1192 et
2695 1127 2902 1192 celata

590 1238 820 1299 cuncta
869 1239 1149 1318 cuperet,
1195 1254 1679 1318 nonnumquam
1733 1235 1954 1299 eadem
2001 1241 2254 1302 contem
2264 1240 2446 1301 neret
2483 1241 2550 1302 et
2583 1236 2900 1320 proferret

585 1340 759 1405 ultro
808 1345 999 1424 atque
1046 1341 1361 1427 uulgaret.
1446 1341 1602 1424 quin
1642 1345 1706 1405 et
1743 1339 2058 1407 Artabani
2098 1341 2492 1406 Parthorum
2528 1343 2702 1427 regis
2737 1340 2898 1407 lace·

585 1452 763 1512 ratus
812 1452 911 1512 est
954 1447 1191 1513 litteris
1237 1447 1583 1531 parricidia
1622 1451 1687 1511 et
1727 1447 1952 1513 caedes
1991 1453 2057 1513 et
2095 1449 2424 1534 ignauiam
2463 1453 2529 1513 et
2573 1448 2892 1513 luxuriam

588 1555 925 1620 obicientis
970 1554 1447 1638 monentisque,
1502 1559 1577 1618 ut
1622 1554 1994 1620 uoluntaria
2037 1560 2244 1621 morte
2290 1556 2575 1620 maximo
2623 1556 2894 1620 iustissi—
2929 1581 3002 1621 ιο

476 1655 567 1720 67
588 1681 823 1745 moque
879 1661 1121 1726 ciuium
1186 1659 1333 1726 odio
1394 1683 1588 1744 quam
1647 1662 1926 1745 primum
1995 1663 2152 1726 satis
2218 1662 2474 1727 faceret.
2564 1667 2893 1746 postremo

586 1771 787 1833 semet
843 1768 982 1851 ipse
1037 1771 1399 1852 portuosae,
1455 1767 1665 1852 tali[s]
1721 1767 2034 1852 epistulae
2093 1769 2415 1853 principio
2460 1773 2715 1833 tantum
2761 1790 2895 1833 non

585 1896 900 1952 summam
952 1874 1267 1938 malorum
1314 1895 1577 1938 suorum
1614 1875 1948 1958 professus
1985 1879 2108 1939 est:
2159 1875 2340 1958 quid
2385 1875 2712 1941 scribam
2759 1897 2892 1940 uo·
2961 1857 2974 1866 ’

583 1980 729 2065 bis,
793 2004 854 2065 p.
903 1989 982 2064 c.,
1045 1985 1177 2045 aut
1232 2001 1378 2064 quo
1433 1980 1654 2045 modo
1721 1981 2079 2066 scribam,
2142 1985 2274 2046 aut
2343 1982 2524 2066 quid
2585 1983 2891 2048 omnino

584 2108 734 2150 non
781 2087 1110 2152 scribam
1156 2087 1299 2152 hoc
1347 2092 1716 2171 tempore,
1764 2087 1871 2152 dii
1915 2110 2028 2152 me
2075 2088 2408 2172 deaeque
2455 2090 2677 2173 peius
2722 2111 2892 2173 per·
2923 2115 2992 2154 ιε

584 2192 764 2257 dant
810 2215 1028 2277 quam
1078 2194 1365 2260 cotidie
1410 2194 1665 2277 perire
1713 2194 1992 2274 senti0‚
2041 2195 2104 2259 si
2153 2196 2331 2260 scio.

513 2313 543 2359 2
762 2299 1155 2364 Existimant
1193 2300 1452 2384 quidam
1489 2303 1843 2384 praescisse
1879 2300 2038 2366 haec
2074 2323 2220 2365 eum
2258 2303 2492 2386 peritia
2519 2302 2890 2367 futurorum

582 2427 657 2469 ac
701 2405 907 2470 multo
956 2411 1123 2490 ante,
1170 2411 1411 2490 quanta
1456 2429 1523 2472 se
1571 2408 1955 2491 quandoque
2001 2408 2317 2473 acerbitas
2356 2413 2422 2474 et
2458 2409 2727 2474 infamia
2762 2431 2892 2473 ma-

583 2517 788 2592 neret,
852 2514 1287 2598 prospexisse3
1351 2513 1650 2598 ideoque,
1715 2519 1789 2578 ut
1851 2515 2192 2598 imperium
2249 2516 2492 2599 inierit,
2557 2521 2624 2580 et
2686 2517 2890 2600 patris

583 2620 829 2702 patriae
876 2619 1373 2703 appellationem
1424 2626 1489 2685 et
1541 2643 1623 2685 ne
1671 2622 1738 2685 in
1785 2626 1926 2686 acta
1971 2643 2088 2687 sua
2141 2623 2462 2687 iuraretur
2517 2623 2886 2688 obstinatis-
2913 2647 2986 2688 so

584 2725 740 2790 sime
787 2747 1135 2810 recusasse,
1189 2749 1271 2791 ne
1321 2749 1473 2792 mox
1528 2729 1770 2792 maiore
1826 2729 2132 2794 dedecore
2189 2731 2397 2813 impar
2443 2732 2641 2795 tantis
2687 2731 2890 2795 hono-

520 2844 551 2892 3
589 2833 767 2897 ribus
814 2833 1229 2899 inueniretur.
1315 2834 1487 2918 quod
1526 2856 1680 2900 sane
1725 2857 1805 2899 ex
1842 2836 2132 2901 oratione
2171 2837 2325 2920 eius,
2373 2859 2567 2920 quam
2606 2837 2685 2901 de
2719 2841 2891 2902 utra-

585 2960 711 3022 que
758 2961 826 3002 re
873 2938 1119 3023 habuit,
1159 2942 1380 3026 colligi
1417 2946 1660 3026 potest3
1707 2942 1812 3006 uel
1851 2962 1996 3006 cum
2035 2943 2153 3006 ait:
2202 2943 2530 3008 similem
2579 2965 2656 3008 se
2702 2966 2890 3009 sem-

582 3066 716 3129 per
762 3047 879 3110 sui
924 3047 1269 3112 futurum
1314 3069 1449 3112 nec
1496 3071 1844 3131 umquam
1893 3054 2361 3114 mutaturum
2401 3071 2644 3115 mores
2684 3073 2891 3135 suos,

585 3174 803 3234 quam
870 3152 997 3217 diu
1062 3176 1287 3219 sanae
1352 3156 1630 3219 mentis
1697 3155 2005 3242 fuisset3
2071 3157 2200 3222 sed
2264 3157 2595 3241 exempli
2663 3179 2889 3222 causa
2917 3181 2982 3220 ιε

588 3260 1001 3324 cauendum
1058 3283 1247 3343 esse,
1304 3282 1393 3325 ne
1442 3283 1516 3326 se
1564 3267 1876 3327 senatus
1923 3264 1999 3326 in
2047 3269 2216 3328 acta
2262 3265 2712 3348 cuiusquam
2759 3264 2890 3328 ob-

586 3364 902 3450 ligaret,
952 3367 1131 3450 quia
1176 3366 1437 3451 aliquo
1487 3389 1663 3432 casu
1709 3371 1988 3433 mutari
2035 3376 2314 3453 posset.
2399 3375 2466 3436 et
2508 3393 2757 3435 rursus:

514 3482 548 3528 4
768 3469 845 3535 Si
904 3475 1203 3556 quando
1260 3479 1537 3557 autem,
1591 3475 1831 3558 inquit,
1887 3476 1974 3539 de
2029 3477 2368 3542 moribus
2425 3479 2612 3543 meis
2659 3478 2888 3542 deuo-

584 3580 816 3660 toque
862 3578 1077 3642 uobis
1126 3581 1374 3644 animo
1413 3581 1995 3666 dubitaueritis,
2043 3619 2127 3629 -
2169 3583 2367 3667 quod
2404 3585 2620 3668 prius
2667 3605 2886 3669 quam

586 3685 920 3765 eueniat,
969 3690 1149 3769 opto
1198 3690 1280 3749 ut
1325 3709 1436 3750 me
1483 3709 1882 3770 supremus
1940 3689 2098 3753 dies
2156 3689 2333 3754 huic
2379 3695 2716 3756 mutatae
2761 3713 2978 3756 uene

727 3892 758 3939 2
797 3886 941 3940 iouis
972 3888 1107 3946 des
1144 3887 1261 3940 edd.
1293 3888 1383 3957 (de
1421 3887 1564 3941 uilla
1590 3889 1741 3941 Iouis
1776 3889 1848 3959 ρ’
1875 3892 1936 3943 in
1977 3895 2186 3961 masa),
2222 3891 2452 3946 Iunonis
2484 3892 2754 3948 Heinsius
2791 3895 2882 3965 (cf.

583 3967 771 4021 Herm.
794 3971 865 4020 36
886 3985 945 4034 p.
966 3971 1080 4020 ,287
1096 3971 1228 4036 sqq.)
1401 3975 1433 4020 4
1472 3985 1571 4037 per
1596 3970 1823 4034 LPOT‚
1851 3987 1952 4024 om.
1973 3973 2086 4034 rel„
2123 3973 2186 4025 in
2217 3990 2384 4043 mar-9.
2417 3973 2543 4027 add.
2577 3973 2630 4027 V
2651 3976 2740 4043 (m.
2759 3979 2790 4028 1
2819 3981 2886 4029 ut

582 4047 721 4115 uid.)
750 4054 801 4101 et
832 4046 906 4116 ρ’
932 4047 1082 4114 (inde
1109 4045 1304 4101 libello
1337 4092 1347 4102 .
1380 4091 1390 4101 .
1424 4091 1435 4102 .
1466 4049 1753 4116 proposito
1791 4051 2012 4118 aliaque
2045 4055 2334 4120 tempta-uit
2361 4053 2616 4124 Bentley)
2728 4059 2756 4106 7
2791 4069 2882 4106 ca-

581 4130 740 4194 peret
768 4127 831 4180 X
1035 4128 1359 4181 conteneret
1389 4130 1483 4193 M,
1531 4129 1844 4182 contineret
1876 4131 1980 4184 GT
2160 4136 2226 4184 1⁶2
2265 4131 2374 4185 tali
2405 4135 2662 4187 Muretus
2699 4136 2888 4203 (parte

583 4205 811 4260 sustalis
835 4209 931 4276 M)
1041 4206 1324 4276 principia
1347 4209 1395 4261 G
1511 4214 1573 4260 16
1612 4208 1796 4278 perire
1832 4226 1922 4263 me
1961 4209 2169 4264 cotidie
2213 4212 2340 4266 Tac.
2380 4230 2513 4266 ann.
2547 4213 2634 4266 VI
2657 4219 2718 4280 6,
2756 4215 2887 4268 inde

581 4303 670 4340 me
708 4287 848 4340 addi
874 4288 1072 4340 uolumt
1094 4295 1219 4355 post
1246 4304 1417 4354 quam
1459 4287 1726 4356 Wo'lfflin,
1759 4297 1884 4356 post
1924 4289 2107 4359 perire
2136 4293 2369 4362 Bentley
2496 4292 2545 4346 si
2581 4310 2682 4347 om.
2708 4296 2780 4348 Μ
2783 4293 2890 4348 GT

582 4368 703 4434 (del.
724 4365 824 4435 1³¹)
955 4372 1017 4419 17
1050 4367 1360 4435 praescisse
1390 4369 1654 4439 (pre-cisse
1678 4369 1748 4438 G)
1779 4369 1919 4423 haec
1947 4371 2046 4423 del.
2083 4371 2150 4425 G.
2167 4373 2372 4426 Becker
2483 4378 2547 4425 18
2589 4388 2655 4425 ac
2681 4373 2886 4446 multo]

581 4446 760 4500 multo
783 4449 858 4501 M
882 4447 972 4514 (G.
1004 4448 1257 4517 Becker),
1292 4447 1581 4515 multoque
1620 4450 1854 4520 Bentley
1965 4456 2030 4502 ‘22
2071 4467 2136 4504 ex
2177 4453 2333 4519 MT,
2371 4455 2429 4505 et
2466 4469 2533 4506 ex
2564 4453 2658 4506 rel.
2689 4453 2886 4524 (ωας.)

580 4555 760 4606 nescio
798 4571 875 4606 an
913 4555 1104 4608 melius
1262 4560 1328 4607 27
1370 4522 1415 4624 iq
1444 4557 1499 4608 P
1532 4553 1610 4622 (ia
1649 4557 1711 4608 in
1747 4573 1856 4610 ras.
1887 4575 1953 4610 m.
1977 4557 2051 4626 2),
2092 4557 2190 4624 qui
2227 4559 2488 4612 Beroald.
2519 4560 2712 4630 (uuly.)
