3259 5209
1102 468 1315 524 mvvs
1363 469 1571 522 T1Tvs
1620 481 1752 531 [ω.
1787 481 1907 530 ι-ι]
2387 461 2390 466 ’
2513 469 2646 534 325

348 655 501 696 nam
556 636 773 697 manet
828 631 1034 698 adhuc
1090 637 1155 696 et
1208 633 1591 718 ostenditur3
1649 633 1954 698 educatus
2010 633 2076 696 in
2125 633 2273 697 aula
2317 654 2461 697 cum
2509 631 2647 698 Bri·
2695 631 2738 698 2

348 739 609 804 tannico
656 739 848 804 simul
887 761 960 804 ac
995 739 1259 824 paribus
1297 739 1656 824 disciplinis
1693 744 1760 803 et
1796 739 1968 824 apud
2007 739 2260 804 eosdem
2303 740 2646 827 magistros

352 847 708 910 institutus.
792 868 921 930 quo
969 847 1227 930 quidem
1274 851 1567 930 tempore
1612 848 1796 910 aiunt
1841 850 2372 930 metoposcopum
2421 870 2458 911 a
2485 845 2646 912 Nar·

354 954 518 1017 cisso
596 953 815 1017 Claudi
878 952 1110 1018 liberto
1185 951 1573 1036 adhibitum,
1639 957 1714 1017 ut
1775 953 2224 1018 Britannicum
2283 953 2645 1036 inspiceret,

298 1087 321 1122 5
351 1061 871 1124 constantissime
917 1061 1269 1126 affirmasse
1317 1060 1500 1125 illum
1552 1060 1811 1144 quidem
1857 1061 2038 1124 nullo
2085 1060 2304 1143 mode,
2363 1064 2643 1125 ceterum

350 1165 597 1248 Titum,
655 1167 769 1250 qui
824 1173 979 1231 tunc
1034 1189 1236 1252 prope
1293 1167 1563 1250 astabat,
1620 1169 1844 1251 utique
1891 1167 2370 1250 imperaturum.
2465 1171 2647 1231 erant

352 1277 565 1337 autem
610 1273 769 1338 adeo
816 1273 1183 1357 familiares,
1228 1279 1302 1338 ut
1349 1273 1427 1338 de
1470 1275 1756 1358 potione,
1803 1295 1930 1357 qua
1966 1271 2377 1338 Britannicus
2414 1274 2647 1339 hausta

350 1381 563 1464 periit,
609 1379 793 1444 Titus
842 1403 1097 1464 quoque
1145 1382 1325 1445 iuxta
1370 1380 1611 1444 cubans
1656 1385 1952 1468 gustasse
1997 1381 2291 1446 credatur
2335 1381 2646 1466 grauique

353 1486 579 1551 morbo
627 1487 992 1553 adflictatus
1037 1487 1161 1551 diu.
1248 1509 1519 1570 quorum
1569 1487 1859 1552 omnium
1897 1510 2050 1552 mox
2087 1509 2333 1553 memor
2367 1491 2645 1552 statuam

272 1621 325 1656 ιο
354 1595 411 1656 ei
468 1616 725 1658 auream
782 1595 851 1659 in
896 1593 1147 1659 Palatio
1205 1595 1422 1678 posuit
1477 1600 1540 1657 et
1587 1593 1853 1659 alteram
1903 1617 1981 1659 ex
2028 1595 2218 1658 ebore
2266 1597 2647 1678 equestrem,

354 1721 519 1782 quae
579 1700 843 1764 circensi
902 1724 1142 1786 pompa
1204 1700 1523 1784 hodieque
1588 1702 1976 1786 praefertur,
2049 1702 2369 1766 dedicauit
2433 1723 2647 1786 prose-

352 1811 665 1890 cutusque
726 1811 838 1872 est.
941 1808 1010 1871 in
1061 1829 1262 1893 puero
1320 1809 1541 1873 statim
1599 1810 1884 1892 corporis
1940 1809 2265 1892 animique
2312 1809 2496 1872 dotes
2543 1831 2646 1873 ex·
2696 1808 2738 1874 3

352 1913 797 1998 plenduerunt,
846 1916 1178 2000 magisque
1226 1937 1299 1979 ac
1346 1915 1551 2000 magis
1600 1915 1898 1999 deinceps
1944 1938 2060 2000 per
2106 1916 2334 1980 aetatis
2381 1915 2647 2002 gradus:

352 2017 563 2085 forma
620 2023 881 2109 egregia
938 2027 1004 2086 et
1065 2022 1167 2085 cui
1225 2044 1356 2085 non
1418 2021 1631 2085 minus
1691 2022 2094 2086 auctoritatis
2154 2023 2392 2086 inesset
2453 2044 2644 2104 quam

274 2151 323 2189 ιτ)
353 2129 619 2213 gratiae,
656 2129 1070 2212 praecipuum
1106 2129 1318 2211 robur,
1356 2150 1722 2212 quanquam
1752 2150 1960 2212 neque
1999 2151 2262 2213 procera
2301 2132 2546 2192 statura
2584 2132 2646 2191 et

356 2239 576 2299 uentre
621 2235 815 2319 paulo
862 2235 1271 2320 proiectiore3
1331 2235 1736 2319 memoria[e]
1786 2234 2158 2321 singularis,
2225 2235 2520 2300 docilitas
2568 2235 2646 2298 ad

356 2343 563 2407 omnis
608 2342 740 2407 fere
788 2348 927 2407 tum
978 2341 1130 2406 belli
1174 2346 1315 2405 tum
1362 2343 1537 2426 pacis
1576 2346 1765 2406 artes,
1848 2365 2174 2407 armorum
2214 2347 2278 2406 et
2315 2341 2646 2426 equitandi
2684 2361 2716 2408 2

352 2448 798 2534 peritissimae,
844 2449 1071 2513 Latine
1112 2447 1471 2532 Graeceque
1516 2448 1620 2512 uel
1669 2450 1736 2512 in
1782 2450 2022 2513 orando
2071 2450 2178 2514 uel
2224 2450 2290 2512 in
2328 2448 2646 2535 fingendis

353 2556 759 2638 poematibus
819 2560 1154 2640 promptus
1216 2561 1281 2620 et
1334 2555 1543 2620 facilis
1600 2556 1680 2619 ad
1737 2557 2358 2639 extemporalitatem
2415 2577 2647 2640 usque3

272 2682 327 2720 20
356 2663 463 2727 sed
517 2685 599 2726 ne
655 2665 935 2727 musicae
993 2662 1249 2745 quidem
1307 2663 1511 2746 rudis,
1578 2667 1650 2726 ut
1716 2664 1828 2745 qui
1887 2667 2171 2727 cantaret
2227 2667 2290 2726 et
2345 2661 2648 2747 psalleret

354 2771 628 2834 iucunde
685 2771 1097 2854 scienterque.
1194 2791 1227 2832 e
1282 2769 1577 2852 pluribus
1633 2769 1941 2853 comperi,
2003 2769 2176 2834 notis
2235 2791 2488 2852 quoque
2545 2791 2646 2832 ex·

354 2877 564 2960 cipere
628 2876 1031 2942 uelocissime
1089 2877 1382 2958 solitum,
1446 2899 1589 2940 cum
1649 2877 2140 2940 amanuensibus
2197 2877 2329 2940 suis
2385 2897 2500 2959 per
2553 2876 2648 2939 lu-

353 2985 505 3048 dum
572 2984 911 3067 iocumque
960 2989 1335 3065 certantem,
1406 2983 1771 3066 imitarique
1829 2984 2256 3068 chirographa
2310 3004 2648 3066 quaecum-

354 3112 479 3174 que
526 3090 817 3172 uidisset,
884 3113 957 3154 ac
1004 3112 1191 3172 saepe
1237 3091 1525 3173 profiteri
1588 3093 1990 3154 maximum
2037 3090 2434 3154 falsarium
2486 3111 2648 3153 esse

272 3213 325 3253 2⁵
354 3198 721 3280 potuisse.

534 3303 855 3368 Tribunus
904 3304 1182 3368 militum
1230 3309 1295 3366 et
1343 3304 1411 3367 in
1450 3302 1788 3368 Germania
1835 3309 1897 3366 et
1935 3305 2000 3366 in
2041 3303 2376 3367 Britannia
2413 3303 2647 3366 meruit
2695 3305 2739 3370 4

502 3531 565 3578 12
608 3527 761 3594 Epit.
806 3530 891 3588 10,
918 3529 956 3576 2
994 3540 1027 3576 a
1066 3541 1238 3592 puero
1277 3523 1581 3592 praeclaris
1620 3523 1823 3576 studiis
1861 3524 2176 3592 probitatis,
2217 3522 2458 3578 militiae
2495 3521 2648 3576 litte-

355 3621 542 3658 rarum
570 3603 978 3657 instantissime
1024 3603 1264 3668 deditus,
1301 3619 1410 3670 quo
1442 3604 1808 3669 contenderit,
1840 3604 2012 3656 animi
2045 3607 2102 3657 et
2130 3602 2377 3672 corporis
2407 3604 2648 3656 muneri-

354 3683 461 3738 bus
499 3684 761 3738 ostendit.
836 3686 903 3750 ef.
948 3685 1223 3738 Einhard.
1258 3688 1327 3736 18
1366 3684 1441 3736 ad
1478 3686 1621 3753 Ate-y.
1657 3689 1724 3736 61
1938 3691 2001 3737 16
2041 3685 2319 3738 Einhard.
2349 3689 2425 3738 22
2463 3687 2534 3751 (u.
2574 3684 2648 3737 ad

356 3765 486 3819 Ner.
521 3769 609 3833 51)
756 3770 823 3818 18
859 3767 1093 3832 Eutrop.
1120 3765 1242 3818 VII
1260 3768 1351 3829 21,
1375 3769 1403 3817 1
1442 3763 1926 3835 facundissimus„
1962 3808 1970 3817 .
2006 3807 2015 3817 .
2049 3781 2246 3818 causas
2275 3765 2474 3818 Latine
2512 3764 2646 3834 egit,

356 3848 619 3912 poemata
675 3847 731 3899 et
784 3844 1107 3912 tragoedias
1162 3845 1371 3898 Graece
1428 3845 1758 3912 composuit.
1833 3847 1900 3909 cf.
1943 3846 2220 3898 Ee'nharcl.
2259 3851 2330 3897 25
2389 3845 2648 3897 Latinam

354 3927 642 3995 tunquam)
679 3925 761 3978 ita
801 3924 1029 3990 didicit,
1086 3928 1149 3976 ut
1194 3941 1371 3991 aeque
1420 3923 1521 3976 illa
1559 3941 1623 3976 ac
1663 3925 1850 3992 patria
1887 3925 2084 3992 lingua
2122 3941 2280 3978 orare
2319 3926 2394 3978 sit
2431 3925 2645 3978 solitus.

498 4127 529 4174 2
567 4121 853 4191 magistris
896 4123 981 4186 M,
1020 4123 1249 4174 -stratos
1292 4121 1353 4189 Q,
1394 4123 1626 4173 —stratus
1667 4123 1728 4174 Π
1869 4127 1898 4172 3
1940 4137 1973 4173 a
2011 4139 2109 4174 mn.
2146 4123 2195 4175 G
2341 4130 2371 4172 8
2412 4119 2646 4190 cubans]

355 4223 407 4258 u.
449 4203 523 4255 ad
560 4219 619 4271 p.
651 4207 722 4255 17
726 4207 775 4268 6,
807 4207 875 4254 18
1018 4205 1267 4268 gestasse
1300 4202 1373 4254 M
1514 4207 1543 4252 9
1585 4198 1830 4253 afflictus
1865 4203 1994 4264 HR,
2033 4199 2351 4253 adflictatus
2391 4198 2465 4251 sit
2508 4200 2646 4253 oud.

358 4289 423 4336 13
462 4283 641 4352 magis
682 4298 748 4336 ac
784 4281 966 4350 magis
1008 4283 1079 4346 H,
1118 4281 1409 4349 magisque
1450 4283 1569 4348 (om.
1611 4297 1680 4334 ac
1717 4282 1919 4350 magis)
1961 4283 2036 4334 ill
2177 4287 2241 4334 15
2281 4280 2646 4348 praecipuum

354 4363 525 4417 robur
554 4370 681 4431 post
716 4361 1049 4430 proiectiore
1077 4367 1295 4428 pon-unt
1325 4362 1554 4414 Ernesti
1581 4368 1631 4414 et
1665 4362 1799 4415 Oud.
1951 4367 2015 4414 16
2049 4360 2315 4414 memoria
2347 4361 2496 4430 11²4),
2532 4376 2644 4413 me-

355 4443 567 4496 moriae
604 4443 697 4496 rel.
736 4449 786 4496 et
823 4443 889 4496 N
922 4444 1041 4508 (Ω),
1096 4441 1364 4495 memoria
1402 4443 1455 4493 et
1501 4441 1637 4493 (lud.
1860 4447 1922 4494 17
1965 4459 2091 4494 cum
2128 4439 2264 4493 belli
2305 4460 2338 4500 ς
2374 4441 2647 4510 (Bentley)

356 4529 423 4577 18
460 4523 653 4593 lingue
685 4529 810 4590 post
848 4537 1157 4590 graec-eque
1196 4522 1325 4574 aad.
1374 4522 1471 4572 ’ΥΤ
1517 4528 1615 4574 uer.
1657 4522 1772 4574 edd.
1815 4521 2038 4574 (Latina
2077 4521 2400 4588 Graecaque
2452 4521 2647 4588 lingua

354 4605 607 4672 Lipsius)
755 4609 816 4654 1⁴.)
858 4603 927 4654 ad
969 4607 1073 4653 ext.
1115 4618 1291 4668 usque
1330 4619 1429 4653 om.
1462 4603 1569 4670 HQ
