3259 5209
1050 470 1266 523 DIVVS
1304 469 1540 524 IVLIVS
1580 482 1710 531 [car.
1743 481 1918 531 so—co]
2548 470 2633 535 33

336 632 459 697 bus
513 634 736 697 eodem
790 632 1391 719 praecipitantibus»,
1458 652 1605 697 cum
1662 633 1980 697 desilisset
2036 633 2105 698 in
2160 656 2364 718 mare,
2419 634 2631 698 nando

335 763 453 823 per
498 740 807 805 ducentos
852 762 1079 824 passus
1125 740 1334 804 euasit
1381 739 1463 803 ad
1505 741 1867 825 proximam
1911 762 2173 823 nauem,
2219 740 2386 805 elata
2431 741 2634 823 laeua,

334 870 417 911 ne
461 847 669 912 libelli
716 870 878 931 quos
925 846 1187 911 tenebat
1240 846 1680 931 madefierent,
1737 846 2260 930 paludamentum
2307 848 2631 912 mordicus

333 952 615 1037 trahenS,
661 975 740 1019 ne
788 954 997 1039 spolio
1045 956 1378 1037 poteretur
1411 953 1639 1017 hostis,

276 1088 304 1128 5
512 1060 787 1125 Militem
834 1082 1043 1143 neque
1089 1082 1127 1123 a
1174 1060 1475 1149 moribus·
1506 1081 1712 1144 neque
1757 1082 1796 1123 a
1841 1060 2103 1125 fortuna
2138 1060 2472 1145 probabat,
2521 1062 2736 1129 sed65

334 1173 589 1232 tantum
636 1191 673 1231 a
720 1167 967 1232 uiribus
1012 1168 1455 1250 tractabatque
1502 1167 1641 1251 pari
1691 1168 2030 1231 seueritate
2069 1172 2261 1251 atque
2299 1168 2631 1253 indulgen-

335 1275 444 1338 tia.
520 1296 650 1339 non
696 1275 867 1337 enim
916 1272 1155 1357 ubique
1201 1297 1277 1339 ac
1323 1296 1591 1357 semper,
1641 1274 1749 1337 sed
1801 1296 1944 1337 cum
1981 1271 2190 1338 hostis
2229 1275 2298 1336 in
2333 1276 2632 1357 proximo

333 1387 519 1463 esset,
566 1380 923 1447 coercebat:
971 1384 1110 1445 tum
1158 1382 1435 1445 maxime
1482 1384 1743 1445 exactor
1780 1380 2201 1465 grauissimus
2241 1364 2634 1464 disciplinae,

331 1492 405 1552 ut
450 1509 658 1571 neque
716 1487 963 1552 itineris
1020 1508 1223 1568 neque
1278 1486 1510 1569 proelii
1567 1490 1824 1568 tempus
1879 1486 2310 1569 denuntiaret,
2367 1488 2476 1551 sed
2523 1508 2631 1571 pa-

250 1622 304 1661 ιο
331 1600 547 1660 ratum
595 1600 661 1659 et
704 1596 1023 1658 intentum
1072 1594 1418 1658 momentis
1466 1594 1766 1657 omnibus
1817 1615 1943 1676 quo
1983 1595 2182 1657 uellet
2219 1593 2438 1657 subito
2486 1594 2630 1658 edu-

333 1708 520 1767 ceret.
597 1702 767 1785 quod
827 1702 1017 1765 etiam
1077 1700 1213 1763 sine
1270 1722 1461 1765 causa
1515 1701 1898 1784 plerumque
1943 1696 2248 1783 faciebat,
2294 1701 2632 1784 praecipue

330 1809 573 1893 pluuiis
630 1814 695 1871 et
750 1806 931 1872 festis
992 1807 1231 1872 diebuS.
1316 1829 1391 1871 ac
1446 1806 1717 1871 subinde
1773 1807 2245 1871 obseruandum
2303 1828 2370 1871 se
2419 1808 2634 1872 admo-

329 1937 487 1979 nens
533 1918 793 1998 repente
840 1914 1119 1979 interdiu
1166 1915 1271 1978 uel
1316 1918 1507 1979 nocte
1553 1913 1998 1999 subtrahebat,
2045 1913 2448 1999 augebatque
2495 1916 2635 1998 iter,

330 2026 403 2085 ut
460 2022 661 2086 serius
719 2020 1169 2104 subsequentis
1225 2020 1621 2105 defetigaret.
1705 2018 1878 2085 fama
1934 2042 2086 2084 uero
2142 2019 2476 2085 hostilium
2532 2024 2738 2088 (το-66

247 2155 301 2194 ιε
330 2130 585 2213 piarum
630 2129 1005 2211 perterritos
1051 2149 1181 2191 non
1228 2127 1521 2212 negando
1564 2126 2010 2210 minuendoue,
2058 2126 2168 2190 sed
2207 2128 2468 2210 insuper
2505 2150 2633 2191 am-

328 2235 675 2318 plificando
724 2233 1253 2317 ementiendoque
1302 2234 1740 2299 confirmabat.
1825 2235 2047 2316 itaque
2085 2254 2231 2299 curn
2271 2234 2632 2318 expectatio

328 2342 644 2407 aduentus
690 2340 887 2407 Iubae
933 2340 1243 2405 terribilis
1290 2345 1472 2423 esset,
1520 2342 1894 2405 conuocatis
1932 2341 2014 2404 ad
2051 2342 2416 2404 contionem
2469 2341 2634 2405 mili-

328 2448 535 2512 tibus:
583 2450 893 2530 scitote,
939 2448 1167 2531 inquit,
1215 2449 1714 2531 paucissimis
1751 2447 1870 2511 his
1911 2446 2181 2510 diebus
2217 2469 2468 2531 regem
2509 2448 2630 2511 ad-

328 2556 671 2619 futurum
746 2576 908 2619 cum
984 2553 1233 2619 decem
1298 2554 1770 2639 legionibuS,
1846 2554 2188 2636 equitum
2263 2553 2624 2639 triginta,

242 2664 528 2731 mleuis
567 2666 993 2725 armaturae
1032 2666 1334 2725 centum
1374 2661 1716 2742 milibus,
1763 2660 2203 2744 elephantis
2239 2662 2631 2727 trecentis

325 2769 647 2853 proinde
694 2768 1050 2832 desinant
1096 2767 1403 2851 quidam
1452 2788 1824 2850 quaerere
1879 2766 2084 2831 ultra
2139 2770 2271 2831 aut
2319 2766 2630 2849 opinari

324 2874 698 2958 mihique,
746 2875 873 2958 qui
920 2879 1394 2958 compertum
1441 2873 1711 2958 habe0,
1759 2875 2100 2958 credant3
2149 2878 2276 2937 aut
2326 2872 2629 2955 quidem

324 2982 867 3045 uetustissima
938 3003 1130 3045 naue
1207 2980 1617 3063 impositos
1695 3002 2170 3064 quocumque
2245 2983 2477 3043 uento
2554 2980 2628 3041 in

327 3110 843 3171 quascumque
890 3093 1137 3152 terras
1186 3088 1463 3151 iubebo
1512 3089 1753 3151 auehi.

468 3378 633 3438 Ssqq.
692 3372 953 3439 Polyaen.
996 3371 1155 3423 VIII
1182 3374 1272 3434 23,
1305 3374 1375 3423 17
1431 3378 1546 3431 τοῖς
1600 3370 1964 3436 στρατιώταις
2018 3370 2108 3423 ἀεὶ
2163 3368 2624 3435 παρεσκευάσθαι

323 3448 701 3517 προσέτασσεν
738 3452 813 3513 ὡς
848 3450 945 3503 καὶ
984 3452 1043 3503 ἐν
1083 3449 1244 3519 ἑορτῇ
1284 3450 1379 3503 καὶ
1420 3449 1479 3503 ἐν
1518 3448 1706 3522 ὄμβρῳ
1743 3451 1838 3504 καὶ
1885 3450 2086 3510 νυκτὸς
2123 3449 2220 3503 καὶ
2257 3447 2464 3517 ἡμέρας
2501 3446 2622 3517 μέλ-

324 3534 436 3585 λων
476 3529 695 3599 ἐξάγειν
733 3530 897 3598 ἄφνω
935 3530 1036 3598 τὴν
1075 3530 1343 3597 δύναμιν·
1383 3530 1479 3583 καὶ
1519 3531 1615 3584 διὰ
1653 3538 1817 3584 τοῦτο
1857 3529 1984 3584 οὔτε
2011 3530 2110 3583 τὸν
2139 3529 2340 3596 καιρὸν
2371 3528 2496 3582 οὔτε
2525 3528 2627 3595 τὴν

326 3609 543 3679 ἡμέραν
581 3609 894 3680 προέλεγεν.
1044 3615 1110 3663 13
1148 3609 1223 3663 id.
1255 3612 1409 3663 VIII
1430 3615 1521 3675 23,
1543 3616 1612 3664 18
1652 3610 1752 3672 τὰς
1791 3607 2022 3675 ἐξόδους
2065 3610 2306 3664 ἐποιεῖτο
2353 3610 2455 3661 σὺν
2499 3612 2626 3661 πολ-

325 3696 402 3763 λῷ
440 3688 647 3762 δρόμῳ,
688 3688 782 3744 ’ἴνα
820 3690 893 3759 μὴ
930 3690 1417 3761 καταλαμβάνοιτο
1452 3691 1592 3755 πρὸς
1618 3700 1730 3743 τῶν
1760 3689 2170 3755 ὑστεριζόντων.
2321 3696 2384 3741 14
2399 3706 2520 3755 sqq.
2553 3688 2626 3741 id.

337 3772 486 3825 VIII
522 3776 625 3837 23,
658 3777 725 3825 19
782 3770 831 3825 εἰ
881 3770 1369 3840 τεθορυβημένους
1421 3769 1565 3836 ἑώρα
1616 3771 1747 3831 τοὺς
1800 3771 2136 3836 στρατιώτας
2183 3770 2257 3830 ὡς
2302 3773 2626 3836 προσδοκω-

322 3849 496 3921 μένης
531 3860 649 3915 τοῖς
684 3849 969 3918 πολεμίοις
1006 3849 1255 3919 μείζονος
1292 3848 1601 3917 δυνάμεως,
1641 3852 1708 3903 οὐ
1749 3848 1924 3919 μόνον
1965 3850 2196 3914 ἔξαρνος
2232 3850 2336 3902 οὐκ
2373 3844 2461 3917 ἦν,
2501 3846 2621 3900 ἀλλ’

324 3932 407 3995 ἔτι
456 3933 556 3985 καὶ
604 3928 839 3985 πλείονα
892 3930 1061 4001 ὄγκον
1100 3932 1426 3998 προστιθεὶς
1472 3932 1567 3983 καὶ
1615 3930 1941 3999 μεγαλύνων
1991 3929 2307 3997 ἐθάρρυνεν
2356 3930 2430 3989 ὡς
2485 3928 2626 3994 πρὸς

327 4008 591 4073 πλείονας
634 4011 737 4079 χρὴ
789 4009 1183 4081 γενναιότερον
1241 4008 1636 4079 ἀγωνίζεσθαι.

474 4287 499 4331 1
540 4278 789 4331 dedisset
820 4277 957 4331 12¹0
987 4278 1135 4346 (inde
1173 4277 1421 4331 dedisset
1459 4294 1517 4330 se
1561 4278 1720 4342 Oud„
1768 4276 2071 4329 decidisset
2102 4277 2336 4340 Mcmdj,
2372 4292 2442 4327 an
2487 4275 2630 4327 desi-

326 4357 655 4429 l<u>isset?
797 4358 941 4411 mari
984 4359 1035 4411 G
1181 4364 1211 4410 2
1250 4358 1441 4410 nanim
1486 4358 1535 4411 G
1682 4357 1906 4411 eleuata
1946 4358 2013 4416 L,
2053 4356 2199 4409 elota
2244 4356 2314 4424 (2¹
2460 4362 2492 4407 4
2531 4371 2630 4422 po-

328 4440 542 4491 teretur
564 4440 637 4492 M
643 4440 675 4503 ¹,
712 4438 887 4507 potir-
908 4440 998 4492 rel.
1029 4444 1079 4491 et
1102 4438 1263 4492 M’N
1404 4444 1434 4490 5
1475 4437 1700 4502 fortuna
1725 4440 1798 4490 J!
1813 4439 2047 4505 (puncta
2076 4454 2144 4490 m.
2165 4440 2236 4504 2),
2271 4435 2450 4488 forma
2480 4436 2526 4488 Τ
2523 4452 2628 4488 orr.

326 4520 515 4586 (Roth)
672 4522 703 4570 8
743 4520 1009 4572 exauctor
1049 4520 1157 4571 VT
1190 4531 1347 4576 (mrr.
1394 4518 1485 4587 (ρ’-Ἴ
1645 4524 1707 4569 13
1747 4520 1910 4569 nocte
1949 4516 2093 4586 (se)
2135 4518 2280 4570 Roth.
2442 4521 2505 4567 14
2547 4531 2628 4567 se-

326 4600 563 4666 quentes
606 4600 656 4652 G
802 4598 1145 4667 defatigaret
1184 4597 1318 4651 LT‘
1470 4605 1534 4649 22
1576 4595 1836 4664 equidem
1880 4597 2112 4651 casaub.

434 4698 705 4738 svn-roxum
735 4698 805 4737 ed.
832 4698 961 4739 Ihm.
1022 4698 1056 4736 1.
2175 4690 2203 4735 3
