3259 5209
601 431 642 494 2
649 430 730 493 78
1342 430 1400 485 C.
1439 429 1753 486 SVETONI
1790 429 2235 495 TRANQV'ILLI

601 593 851 660 euocati
897 593 1376 679 appellarentur
1417 593 1849 677 excubiasque
1896 593 2065 660 circa
2112 581 2477 658 cubiculum
2524 615 2713 657 suum
2760 593 2904 656 uice

599 699 882 764 militum
929 705 1208 785 agerent.
1291 699 1486 764 etiam
1532 721 1651 784 per
1694 699 2061 784 prouincias
2109 700 2318 765 edicta
2362 700 2633 785 dimisit,
2679 703 2907 764 auctor

601 807 665 870 in
725 806 1000 893 singulis
1069 806 1512 891 uniuersisque
1569 806 1982 891 conspirandi
2028 806 2220 872 simul
2269 811 2335 872 et
2380 812 2456 871 ut
2501 829 2631 891 qua
2684 810 2907 891 posset

601 913 877 998 quisque
925 935 1121 998 opera
1167 935 1570 979 communem
1617 935 1873 978 causam
1922 914 2235 978 iuuarent.

529 1037 563 1086 4
778 1019 902 1086 Per
948 1020 1119 1087 idem
1164 1020 1297 1085 fere
1343 1025 1598 1104 tempus
1646 1021 1713 1084 in
1760 1020 2121 1085 munitione
2167 1021 2421 1105 oppidi,
2466 1020 2641 1104 quod
2688 1020 2906 1084 sedem
2960 1045 2987 1084 5

601 1127 772 1192 bello
822 1127 1172 1213 delegerat,
1221 1131 1514 1211 repertus
1561 1131 1660 1192 est
1708 1127 1939 1192 anulus
1986 1148 2181 1211 opere
2227 1127 2523 1212 antiquo,
2580 1127 2909 1210 scalptura

603 1257 893 1321 gemmae
966 1233 1324 1298 Victoriam
1403 1255 1546 1298 cum
1627 1237 1896 1318 tropaeo
1976 1235 2398 1320 exprimente3
2480 1255 2555 1298 ac
2632 1232 2909 1299 subinde

601 1340 1038 1406 Alexandrina
1072 1340 1260 1405 nauis
1297 1340 1639 1405 Dertosam
1679 1339 1932 1425 appulit
1969 1341 2163 1406 armis
2204 1344 2455 1424 onusta,
2502 1342 2640 1405 sine
2676 1339 2909 1426 guber·

601 1453 855 1531 natore,
911 1448 1048 1512 sine
1093 1451 1290 1512 nauta
1335 1451 1446 1511 aut
1491 1451 1751 1511 uectore
1796 1445 1959 1530 ullo,
2015 1451 2088 1511 ut
2134 1447 2376 1511 nemini
2424 1447 2691 1511 dubium
2739 1451 2909 1511 esset

603 1557 846 1620 iustum
885 1555 1192 1639 piumque
1222 1559 1288 1618 et
1312 1553 1683 1618 fauentibus
1722 1553 1847 1618 diis
1884 1553 2125 1619 bellum
2164 1555 2431 1638 suscipi:
2470 1576 2614 1618 cnm
2644 1559 2909 1637 repente
2938 1579 2993 1618 ιο

533 1677 564 1724 ὁ
604 1684 681 1726 ex
731 1661 1064 1746 inopinato
1102 1683 1303 1746 prope
1341 1665 1571 1727 cuncta
1607 1661 1869 1726 turbata
1905 1666 2072 1725 sunt.
2156 1661 2401 1725 alarum
2441 1660 2645 1724 altera
2681 1661 2908 1736 castris

606 1770 1228 1854 appropinquantem
1264 1767 1663 1853 paenitentia
1704 1769 1938 1833 mutati
1980 1770 2363 1832 sacramenti
2409 1767 2760 1832 destituere
2806 1789 2911 1830 co-

603 1881 756 1941 nata
800 1879 900 1940 est
947 1897 1262 1961 aegreque
1307 1878 1557 1939 retenta
1603 1875 1671 1938 in
1718 1873 1933 1939 officio
1942 1925 1961 1959 ,
2023 1878 2087 1939 et
2134 1876 2332 1959 serui,
2380 1895 2542 1958 quos
2588 1896 2627 1938 a
2670 1873 2907 1937 liberto

603 1979 882 2045 Neronis
931 1980 1010 2045 ad
1055 1981 1344 2045 fraudem
1394 1984 1806 2065 praeparatos
1862 1982 2112 2045 muneri
2158 1985 2512 2064 acceperat,
2566 2003 2684 2065 per
2728 1982 2909 2065 angi-

603 2093 863 2173 portum
913 2089 980 2152 in
1024 2087 1285 2152 balneas
1341 2092 1777 2151 transeuntem
1833 2108 2036 2171 paene
2081 2087 2572 2171 interemerunt,
2631 2087 2755 2152 nisi
2806 2109 2908 2150 co·
2938 2113 2989 2152 ιε

603 2194 1013 2259 hortantibus
1061 2196 1127 2258 in
1174 2196 1381 2259 uicem
1429 2216 1508 2258 ne
1559 2195 1958 2260 occasionem
2015 2195 2413 2277 omitterent,
2468 2194 2908 2279 interrogatis-

607 2324 731 2386 que
768 2301 846 2365 de
893 2323 1021 2385 qua
1059 2302 1392 2366 occasione
1428 2302 1864 2386 loquerentur,
1912 2323 2212 2385 expressa
2260 2301 2548 2366 cruciatu
2584 2300 2907 2365 confessio

501 2402 585 2470 ll
606 2412 788 2473 esset.
865 2409 1130 2472 accessit
1167 2407 1248 2472 ad
1285 2410 1467 2471 tanta
1503 2407 1876 2473 discrimina
1911 2429 2087 2472 mors
2124 2407 2436 2491 Vindicis,
2475 2430 2600 2492 qua
2629 2405 2910 2471 maxime

607 2519 1048 2580 consternatus
1086 2514 1522 2598 destitutoque
1562 2515 1791 2578 similis
1828 2537 1962 2580 non
2000 2515 2275 2579 multum
2324 2515 2488 2580 afuit
2530 2515 2689 2598 quin
2733 2514 2907 2577 uitae

604 2623 1013 2686 renuntiaret.
1099 2621 1208 2685 sed
1247 2622 1847 2705 superuenientibus
1894 2620 1974 2685 ab
2014 2621 2171 2686 urbe
2206 2623 2455 2686 nuntiis
2502 2625 2577 2685 ut
2622 2621 2903 2685 occisum
2938 2647 2991 2685 ὀ

604 2728 930 2794 Neronem
979 2733 1368 2812 cunctosque
1425 2728 1489 2791 in
1539 2727 1737 2792 uerba
1783 2750 1898 2792 sua
1943 2729 2185 2793 iurasse
2234 2728 2569 2814 cognouit,
2618 2727 2911 2812 deposita

607 2835 803 2922 legati
865 2835 1145 2919 suscepit
1205 2833 1490 2899 Caesaris
1555 2834 2054 2920 appellationem
2115 2836 2365 2918 iterque
2424 2835 2752 2920 ingressus
2812 2838 2909 2898 est

606 2943 949 3028 paludatus
1007 2963 1084 3006 ac
1139 2941 1533 3026 dependente
1589 2963 1626 3004 a
1685 2941 2043 3006 ceruicibus
2102 2944 2387 3027 pugione
2448 2946 2597 3006 ante
2657 2944 2910 3025 pectus3

607 3071 726 3113 nec
770 3049 950 3134 prius
990 3069 1178 3112 usum
1232 3052 1422 3133 togae
1477 3048 1867 3132 reciperauit
1915 3070 2106 3132 quam
2164 3047 2492 3131 oppressis
2548 3048 2660 3131 qui
2708 3069 2909 3111 nouas

608 3177 708 3220 res
747 3155 1198 3237 moliebantur,
1242 3153 1566 3239 praefecto
1606 3155 1890 3237 praetori
1926 3154 2330 3239 Nymphidio
2371 3153 2609 3218 Sabino
2648 3151 2911 3236 Romae,
2940 3179 2993 3218 85

611 3265 679 3326 in
717 3260 1058 3326 Germania
1094 3260 1366 3326 Fonteio
1409 3259 1739 3346 Capitone,
1778 3261 1846 3325 in
1884 3259 2107 3324 Africa
2140 3259 2365 3324 Clodio
2404 3260 2624 3326 Macro
2663 3258 2915 3345 legatis·

508 3361 593 3428 12
743 3367 1182 3433 Praecesserat
1228 3369 1304 3432 de
1361 3389 1436 3431 eo
1499 3368 1671 3431 fama
1728 3368 2032 3432 saeuitiae
2094 3366 2287 3430 simul
2344 3371 2537 3452 atque
2588 3367 2913 3448 auaritiae,

614 3475 787 3559 quod
847 3476 1142 3540 ciuitates
1197 3472 1659 3558 Hispaniarum
1717 3472 2194 3557 Galliarumque
2204 3524 2220 3557 ,
2283 3495 2446 3557 quae
2504 3475 2913 3538 cunctantius

615 3581 739 3646 sibi
775 3585 1190 3664 accesserant,
1236 3580 1643 3665 grauioribus
1683 3581 1964 3664 tributis,
2002 3582 2305 3666 quasdam
2348 3581 2543 3646 etiam
2581 3601 2911 3645 murorum

614 3687 1048 3752 destructione
1093 3689 1384 3771 punisset
1421 3691 1487 3750 et
1534 3689 1939 3772 praepositos
1980 3691 2556 3772 procuratoresque
2596 3685 2914 3771 supplicio
2942 3713 2997 3753 so

756 3859 820 3908 27
875 3855 1024 3909 Oros,
1067 3855 1188 3908 VII
1209 3859 1265 3919 8,
1295 3859 1324 3907 1
1380 3870 1617 3921 cumque
1681 3871 1874 3907 omnes
1932 3853 2201 3920 auaritia,
2264 3852 2508 3908 saeuitia
2559 3852 2915 3923 segnitiaque

613 3933 921 3989 offenderet
961 3936 1049 4002 (cf.
1073 3952 1132 4003 p.
1162 3939 1293 4000 277,
1326 3937 1396 4002 4).

757 4084 788 4130 3
825 4078 887 4131 in
915 4095 1015 4132 om.
1041 4077 1151 4146 HQ
1179 4077 1336 4145 (edd.)
1518 4092 1666 4144 qua*
1690 4077 1765 4130 M
1930 4082 1961 4129 6
1994 4077 2283 4146 sculptura
2304 4075 2497 4131 GXIP
2524 4076 2612 4144 (cf.
2645 4076 2795 4130 Nero
2823 4079 2915 4143 46)

567 4221 578 4235 ,
615 4165 646 4212 9
686 4169 784 4212 aut
821 4161 1046 4212 uectore
1078 4156 1174 4211 Μ’
1203 4157 1494 4226 (Salmas),
1539 4159 1801 4210 auectore
1834 4158 1905 4211 M
1912 4157 1945 4224 ¹,
1984 4172 2051 4211 ac
2088 4159 2313 4211 uectore
2340 4158 2435 4211 rel.
2466 4158 2555 4225 (ac
2582 4158 2777 4210 uetere
2798 4155 2916 4220 L1),

613 4241 682 4306 cf.
709 4242 854 4309 Any.
879 4242 950 4292 72
973 4237 1165 4292 Claud.
1191 4241 1260 4290 17
1288 4238 1404 4291 Tib.
1427 4242 1494 4290 11
1607 4243 1670 4289 11
1712 4237 1803 4308 ex]
1834 4239 1892 4290 et
1923 4237 1975 4292 G
2082 4253 2259 4307 prope
2296 4255 2396 4292 om.
2422 4237 2473 4291 G
2586 4241 2649 4288 12
2679 4235 2917 4288 mutatis

615 4318 981 4372 sacramentis
1014 4319 1065 4372 G
1185 4323 1250 4369 13
1288 4333 1348 4370 re
1377 4319 1540 4370 tanta
1573 4317 1681 4370 GT
1713 4319 1799 4383 (in
1830 4317 1882 4370 G
1911 4333 2047 4371 corr.
2076 4335 2145 4372 m.
2170 4323 2200 4371 1
2230 4335 2299 4371 ex
2326 4319 2487 4371 tanta
2524 4319 2602 4386 re)
2689 4320 2756 4369 14
2792 4333 2917 4368 mu-

614 4415 745 4451 nere
771 4402 818 4451 Τ
964 4404 1028 4451 15
1057 4397 1140 4468 in]
1172 4397 1245 4450 ad
1270 4397 1320 4451 G
1465 4396 1671 4450 balnea
1701 4397 1755 4451 R
1904 4402 1967 4450 18
1998 4396 2239 4450 uindicis
2264 4401 2324 4462 Τ,
2365 4396 2453 4450 sui
2480 4395 2687 4449 indicis
2718 4395 2917 4460 MGL,

616 4479 702 4532 sui
729 4478 974 4532 uindicis
996 4478 1204 4540 POST,
1233 4476 1363 4530 Iulii
1384 4476 1639 4530 Vindicis
1664 4478 1916 4544 Casaub.‚
1950 4477 2139 4531 subita
2158 4476 2414 4530 Vindicis
2438 4476 2577 4531 Oud.
2716 4481 2785 4529 24
2814 4477 2917 4544 qui

616 4577 716 4612 om.
743 4561 810 4612 M
956 4565 1022 4611 25
1063 4556 1373 4626 nymphido
1410 4561 1468 4610 X
1501 4557 1758 4626 (limpido
1798 4557 1867 4626 T)
