3259 5209
633 441 761 505 ‘208
1333 441 1388 496 C.
1431 439 1745 494 SVETONI
1782 440 2227 505 TRANQVILLI

631 603 1004 688 fauorisque
1052 603 1333 690 collegit,
1379 609 1454 666 ut
1500 625 1646 668 cum
1694 605 2055 688 profectum
2095 625 2239 668 eum
2278 602 2527 668 Ostiam
2562 604 2809 688 perisse
2860 625 2939 668 ex

631 710 882 774 insidiis
947 710 1316 775 nuntiatum
1382 713 1575 794 esset,
1641 732 1875 796 magna
1941 711 2461 775 consternatione
2523 712 2803 796 populus
2872 716 2939 775 et

631 817 904 882 militem
960 816 1145 901 quasi
1196 816 1594 901 proditorem
1652 819 1719 881 et
1773 821 2063 881 senatum
2114 818 2297 901 quasi
2341 818 2728 902 parricidam
2778 819 2939 882 diris

634 923 1148 988 execrationibus
1194 924 1510 988 incessere
1553 945 1687 987 non
1725 927 1874 988 ante
1912 923 2247 1007 destiterit,
2295 947 2489 1008 quam
2526 947 2695 989 unus
2742 929 2940 1007 atque

631 1030 796 1094 alter
853 1033 916 1094 et
971 1053 1126 1094 mox
1179 1029 1397 1115 plures
1451 1051 1490 1093 a
1546 1029 2033 1117 magistratibus
2089 1030 2158 1094 in
2214 1037 2423 1095 rostra
2467 1031 2768 1115 producti
2816 1031 2939 1096 sal-
3007 1057 3035 1094 r.

633 1160 789 1200 uum
837 1142 901 1200 et
949 1137 1468 1222 appropinquare
1513 1137 1984 1202 confirmarent.

525 1240 612 1305 13
809 1243 945 1309 Nec
1003 1249 1219 1308 tamen
1274 1265 1500 1326 expers
1559 1242 1939 1307 insidiarum
1994 1266 2199 1328 usque
2254 1266 2508 1328 quaque
2559 1245 2939 1329 permansit,

633 1352 741 1415 sed
790 1354 854 1415 et
901 1374 938 1415 a
984 1350 1255 1437 singulis
1304 1354 1368 1414 et
1395 1371 1529 1434 -per
1574 1350 1925 1415 factionem
1972 1353 2037 1413 et
2085 1350 2358 1435 denique
2404 1351 2582 1416 ciuili
2620 1350 2796 1416 bello
2843 1353 2940 1414 in-

633 1458 904 1522 festatus
952 1462 1064 1521 est.
1149 1479 1183 1520 e
1216 1453 1416 1542 'plebe
1461 1457 1659 1521 homo
1706 1461 1893 1522 nocte
1930 1456 2142 1522 media
2178 1459 2359 1522 iuxta
2397 1457 2769 1522 cubiculum
2798 1458 2943 1522 eius

634 1585 782 1629 cum
844 1563 1132 1650 pugione
1193 1562 1623 1646 deprehensus
1690 1568 1811 1648 est3
1878 1565 2112 1648 reperti
2181 1569 2247 1628 et
2311 1565 2626 1649 equestris
2692 1564 2938 1630 ordinis
2972 1590 3031 1629 ιο

635 1672 759 1736 duo
808 1673 876 1736 in
923 1671 1186 1755 publico
1235 1691 1380 1734 cum
1430 1670 1661 1734 dolone
1708 1691 1781 1734 ac
1827 1671 2163 1734 uenatorio
2202 1673 2411 1735 cultro
2447 1671 2938 1754 p1·aestolanteS‚

634 1779 797 1842 alter
843 1784 916 1842 ut
965 1799 1290 1863 egressum
1337 1775 1612 1859 theatro,
1662 1778 1826 1840 alter
1872 1780 1945 1840 ut
1982 1777 2448 1842 sacrificantem
2496 1778 2669 1862 apud
2704 1777 2939 1842 Martis

561 1899 592 1944 2
635 1885 852 1948 aedem
901 1885 1289 1950 adoreretur.
1373 1883 1906 1967 conspirauerunt
1953 1888 2169 1948 autem
2217 1884 2298 1949 ad
2333 1907 2433 1948 res
2467 1906 2673 1948 nouas
2712 1883 2939 1950 Gallus

633 1989 898 2055 Asinius
946 1995 1010 2054 et
1057 1989 1354 2055 Statilius
1395 1989 1730 2072 CoruinuS,
1776 1990 2089 2054 Pollionis
2138 2013 2211 2055 ac
2247 1991 2557 2056 Messalae
2603 1995 2931 2056 oratorum

631 2101 898 2182 nepotes
910 2148 926 2179 ‚
989 2097 1332 2181 assumptis
1394 2097 1836 2181 compluribus
1891 2096 2145 2162 libertis
2198 2098 2404 2183 ipsius
2462 2103 2655 2182 atque
2710 2099 2934 2164 seruis.
2976 2123 3027 2162 ιε.

632 2204 874 2268 bellum
934 2203 1124 2268 ciuile
1171 2203 1378 2267 mouit
1423 2202 1659 2268 Furius
1705 2201 2013 2268 Camillus
2072 2203 2531 2270 Scribonianus
2576 2205 2939 2269 Delmatiae

631 2311 911 2396 legatus3
960 2332 1184 2372 uerum
1231 2311 1401 2374 intra
1449 2310 1748 2394 quintum
1795 2310 1963 2375 diem
2012 2332 2360 2395 oppressus
2406 2315 2503 2376 est
2548 2311 2938 2398 legionibuS‚

635 2438 797 2498 quae
845 2421 1312 2480 sacramentum
1353 2421 1784 2500 mutauerant,
1832 2417 1898 2480 in
1936 2417 2400 2500 paenitentiam
2439 2415 2753 2504 religione
2790 2439 2938 2482 con-

633 2523 836 2585 uersis
846 2573 862 2604 ,
930 2527 1272 2606 postquam
1332 2523 1708 2588 denuntiato
1768 2522 1847 2586 ad
1900 2545 2141 2588 nouum
2196 2525 2649 2609 imperatorem
2707 2525 2937 2589 itinere

635 2650 782 2692 casu
841 2629 1119 2711 quodam
1175 2650 1248 2692 ac
1305 2629 1617 2693 diuinitus
1674 2651 1879 2712 neque
1945 2631 2163 2713 aquila
2219 2632 2434 2696 ornari
2486 2653 2695 2715 neque
2750 2633 2934 2717 signa
2964 2657 3021 2694 co

635 2735 912 2799 conuelli
963 2736 1338 2819 mouerique
1386 2741 1753 2819 potuerunt.

531 2836 619 2903 14
817 2839 1204 2907 Consulatus
1261 2865 1454 2927 super
1499 2843 1848 2926 pristinum
1911 2847 2219 2927 quattuor
2273 2845 2501 2930 gessit3
2567 2865 2645 2908 ex
2701 2846 2937 2928 quibus

635 2948 794 3014 duos
840 2952 1083 3033 primos
1129 2950 1416 3032 iunctim,
1464 2949 1792 3032 sequentis
1838 2971 1955 3033 per
1998 2950 2410 3014 interuallum
2449 2955 2679 3035 quarto
2721 2973 2938 3035 quem-

782 3131 844 3179 16
886 3125 1043 3194 Epit.
1067 3129 1118 3190 4,
1138 3129 1171 3177 4
1211 3123 1608 3178 Scribonianus
1630 3123 1900 3177 Camillus
1931 3125 2081 3178 intra
2100 3124 2417 3178 Dalmatiae
2446 3125 2755 3194 imperator
2783 3143 2933 3180 crea-

633 3207 726 3258 tus
747 3205 1011 3258 continuo
1042 3204 1331 3258 occiditur.
1391 3205 1540 3258 Oros.
1565 3205 1685 3258 VII
1711 3209 1763 3269 6,
1785 3209 1906 3271 6‘sq.
1932 3204 2141 3257 accidit
2162 3245 2174 3257 .
2194 3247 2205 3258 .
2225 3247 2237 3257 .
2258 3204 2572 3273 praesentis
2600 3205 2823 3274 gratiae
2844 3205 2932 3258 dei

635 3285 848 3354 grande
887 3283 1245 3337 miraculum:
1286 3283 1564 3351 siquidem
1603 3283 1802 3336 Furius
1842 3283 2109 3337 Camillus
2156 3285 2573 3351 Scribonianus,
2611 3284 2935 3339 Dalmatiae

637 3365 875 3434 legatus,
914 3363 1127 3416 bellum
1166 3363 1333 3416 ciuile
1372 3362 1603 3416 molitus
1641 3362 1892 3432 legiones
1929 3363 2135 3417 multas
2172 3365 2620 3432 fortissimasque
2648 3365 2723 3418 ad
2752 3381 2936 3419 sacra-

639 3445 812 3497 menti
861 3443 1234 3496 mutationem
1280 3442 1605 3512 pellexerat.
1676 3443 1869 3511 itaque
1908 3444 1999 3496 die
2048 3444 2208 3503 dato.
2258 3448 2322 3498 ut
2358 3445 2417 3496 in
2464 3462 2639 3498 unum
2684 3445 2937 3513 undique

639 3523 711 3575 ad
750 3540 959 3576 nouum
997 3524 1395 3591 imperatorem
1433 3523 1840 3588 conueniretur‚
1880 3541 2059 3591 neque
2099 3523 2324 3592 aquilae
2364 3523 2551 3578 ornari
2588 3541 2769 3592 neque
2807 3543 2935 3579 con-

638 3603 775 3656 uelli
814 3619 1038 3671 quoquo
1078 3603 1242 3656 modo
1282 3603 1445 3671 signa
1492 3603 1779 3656 moueriue
1817 3608 2138 3671 potuerunt.
2206 3605 2483 3658 exercitus
2520 3606 2685 3658 tanta
2722 3608 2780 3658 et
2817 3609 2935 3658 tam

637 3683 910 3736 inusitata
960 3683 1219 3736 miraculi
1256 3683 1365 3736 fide
1403 3685 1587 3735 motus
1641 3686 1697 3735 et
1735 3700 2034 3736 conuersus
2074 3684 2132 3737 in
2171 3685 2581 3752 paenitentiam
2618 3684 2934 3740 Scribonia·
3022 3727 3027 3733 .

638 3780 770 3815 num
810 3763 1009 3830 quinta
1048 3763 1240 3815 statim
1281 3763 1372 3815 die
1403 3763 1737 3815 destitutum
1767 3764 2053 3817 interfecit
2091 3781 2323 3831 seseque
2353 3767 2702 3818 sacramento
2732 3767 2935 3835 prioris

638 3842 875 3896 militiae
916 3843 1209 3896 continuit.
1267 3845 1353 3911 (cf.
1390 3843 1512 3896 VII
1533 3847 1641 3908 63⁸
1690 3843 1842 3895 istud
1890 3843 2057 3896 ciuile
2094 3843 2307 3897 bellum
2347 3887 2357 3898 .
2392 3887 2401 3897 .
2436 3887 2447 3899 .
2488 3844 2764 3898 diuinitus
2814 3861 2934 3898 esse

639 3939 1014 3993 conpressum.
1091 3925 1214 3977 VII
1233 3929 1286 3988 8,
1314 3927 1370 3990 2)

782 4091 814 4137 4
855 4084 1136 4138 incesserit
1167 4085 1252 4149 M,
1290 4101 1390 4138 om.
1415 4083 1484 4148 G,
1523 4083 1805 4136 incessens
1839 4083 2067 4151 Bentley
2235 4089 2266 4135 6
2306 4083 2641 4137 confirmant
2668 4084 2737 4150 L,
2776 4083 2933 4138 festi·

639 4168 840 4218 natent
871 4167 942 4226 Π,
981 4164 1328 4217 affirmarent
1357 4180 1389 4222 ς
1419 4164 1608 4231 (Roth)
1766 4169 1796 4215 8
1837 4163 1933 4215 sed
1972 4166 2031 4215 et
2068 4179 2100 4215 a
2136 4166 2195 4228 Τ,
2234 4165 2424 4216 etaeta
2451 4163 2537 4228 M,
2574 4165 2634 4218 et
2669 4179 2704 4216 a
2746 4163 2857 4218 GX
2886 4172 2933 4218 et

637 4248 716 4299 sic
745 4246 976 4314 Bentley
1014 4246 1194 4298 delens
1231 4245 1263 4296 l.
1287 4249 1322 4296 9
1351 4247 1438 4296 est
1582 4249 1612 4294 9
1652 4247 1817 4296 nocte
1851 4243 2124 4308 GRL²S²‚
2154 4246 2325 4296 noctu
2360 4243 2598 4312 MHQX
2738 4249 2803 4297 18
2838 4243 2933 4297 ad-

639 4328 889 4378 oreretur
921 4326 991 4377 M
993 4326 1055 4395 Q,
1093 4322 1306 4377 adorir-
1335 4325 1426 4376 rel.
1467 4323 1711 4390 (adorar-
1742 4323 1843 4389 ΠΙ)
2006 4322 2215 4391 gallius
2248 4324 2428 4377 MG-T’
2590 4330 2655 4375 14
2690 4323 2933 4392 polionis

643 4406 798 4458 MGA
960 4404 1234 4457 massalae
1270 4405 1341 4456 M
1346 4405 1392 4454 Τ
1416 4407 1573 4469 (corr.
1606 4403 1705 4470 11²)
1851 4407 1919 4454 ‘20
1959 4404 2046 4473 ac]
2088 4419 2160 4456 an
2202 4405 2351 4456 Tor-r.
2501 4403 2694 4472 aquila
2731 4421 2831 4458 om.
2868 4405 2932 4471 G,

640 4484 865 4551 aquilae
901 4485 1048 4538 Oros.
1082 4485 1266 4552 (Roth)
1422 4490 1485 4535 21
1527 4483 1812 4536 moueriue
1848 4485 1995 4537 Oros,
2144 4489 2211 4535 22
2250 4483 2489 4552 ingessit
2532 4500 2633 4552 pro
2670 4487 2935 4550 quattuor

640 4569 746 4633 (1111
797 4565 1037 4628 RLP'I')
1077 4565 1253 4633 gessit
1287 4564 1334 4616 G
1483 4569 1549 4614 ‘23
1590 4563 1700 4615 duo
1734 4565 1837 4616 Με
1984 4562 2196 4631 primus
2236 4565 2357 4617 MG
