3259 5209
583 416 716 482 214
1281 416 1337 471 C.
1378 417 1667 471 SVETON
1672 418 1692 470 1
1729 417 2175 482 TRANQVILLI

584 579 812 642 simam
859 583 1098 644 turrem
1149 581 1217 643 in
1254 581 1611 664 exemplum
1656 579 2077 645 Alexandrini
2122 581 2337 662 Phari,
2382 585 2457 644 ut
2501 581 2579 644 ad
2628 585 2881 644 noctur-

582 707 700 750 nos
747 687 930 771 ignes
977 707 1230 750 cursum
1279 687 1540 772 nauigia
1585 687 1949 773 dirigerent.

475 789 560 856 21
763 789 1108 878 Congiaria
1166 792 1407 876 populo
1470 794 1725 877 saepius
1784 794 2132 858 distribuit.
2217 793 2580 878 spectacula
2626 815 2885 877 quoque

582 896 913 982 complura
969 902 1033 962 εὴ
1091 899 1432 985 magnifica
1489 901 1718 983 edidit,
1784 922 1913 964 non
1978 901 2219 965 usitata
2284 901 2476 964 modo
2532 922 2607 964 ac
2672 898 2881 964 solitis

579 1002 758 1088 locis,
816 1005 926 1068 sed
982 1009 1046 1069 et
1102 1005 1550 1070 commenticia
1604 1010 1669 1070 et
1724 1027 1801 1070 ex
1858 1006 2243 1090 antiquitate
2300 1005 2599 1092 repetita,
2656 1011 2722 1070 et
2768 1005 2881 1069 ubi
2936 1031 2965 1070 5

579 1117 906 1196 praeterea
952 1133 1140 1176 nemo
1179 1116 1327 1176 ante
1366 1133 1527 1176 eum.
1595 1111 1783 1176 ludos
1824 1112 2243 1176 dedicationis
2282 1111 2662 1197 Pompeiani
2700 1112 2874 1176 thea-

579 1219 693 1302 tri,
751 1219 924 1302 quod
969 1218 1338 1283 ambustum
1387 1219 1787 1304 restituerat,
1841 1241 1875 1283 e
1920 1219 2232 1283 tribunali
2281 1220 2493 1303 posito
2542 1219 2611 1284 in
2660 1219 2879 1283 orche-

581 1328 716 1388 stra
762 1325 1104 1410 commisit,
1153 1347 1296 1389 cum
1346 1326 1528 1409 prius
1577 1327 1749 1410 apud
1794 1326 2157 1410 superiores
2214 1326 2401 1390 aedes
2454 1327 2882 1410 supplicasset

578 1453 818 1515 perque
899 1432 1178 1495 mediam
1261 1453 1521 1496 caueam
1603 1432 1973 1496 sedentibus
2047 1453 2121 1495 ac
2205 1431 2547 1496 silentibus
2630 1432 2881 1496 cunctis

509 1554 541 1602 2
581 1539 1026 1602 descendisset.
1122 1538 1275 1602 fecit
1343 1542 1407 1602 et
1467 1539 1849 1622 saeculares,
1910 1541 2095 1622 quasi
2154 1539 2541 1622 anticipatos
2614 1539 2695 1603 ab
2752 1539 2881 1602 Au·
2913 1564 2967 1603 ιο

580 1650 776 1732 gusto
823 1667 940 1709 nec
985 1644 1280 1732 legitimo
1319 1647 1599 1729 tempori
1636 1650 2018 1731 reseruatos,
2066 1646 2363 1730 quamuis
2401 1646 2539 1729 ipse
2577 1645 2645 1709 in
2682 1645 2884 1709 histo-

578 1751 694 1815 riis
750 1753 884 1816 suis
933 1752 1189 1837 prodat,
1247 1752 1651 1816 intermissos
1708 1774 1817 1816 eos
1863 1751 2235 1839 Augustum
2282 1751 2488 1816 multo
2545 1757 2695 1836 post
2742 1739 2883 1815 dili-

581 1858 960 1944 gentissime
1015 1881 1331 1923 annorum
1388 1860 1637 1923 ratione
1694 1859 2007 1923 subducta
2068 1859 2134 1923 in
2192 1859 2482 1923 ordinem
2540 1857 2881 1946 redegisse.

588 1987 786 2050 quare
813 1987 942 2029 uox
962 1966 1296 2050 praeconis
1327 1966 1516 2029 irrisa
1536 1971 1635 2030 est
1664 1965 2003 2032 inuitantis
2032 1987 2211 2029 more
2242 1965 2540 2030 sollemni
2569 1965 2650 2030 ad
2676 1965 2884 2050 ludos,

583 2093 771 2154 quos
818 2093 954 2136 nec
999 2077 1426 2157 spectasset
1473 2073 1878 2156 quisquam
1924 2093 2064 2136 nec
2110 2076 2603 2156 spectaturus
2650 2077 2883 2156 esset,
2916 2097 2967 2135 ιε

581 2199 727 2242 cum
776 2183 1184 2263 superessent
1231 2179 1438 2242 adhuc
1485 2179 1596 2262 qui
1656 2183 2130 2264 spectauerant,
2186 2183 2250 2242 et
2305 2179 2567 2262 quidam
2621 2178 2883 2243 histrio-

582 2307 736 2348 num
801 2287 1101 2369 producti
1165 2286 1321 2349 olim
1387 2291 1542 2350 tunc
1616 2307 1873 2369 quoque
1946 2287 2465 2369 producerentur.
2568 2285 2882 2350 circenses

581 2391 951 2474 frequenter
1004 2393 1196 2456 etiam
1256 2393 1318 2455 in
1369 2391 1685 2456 Vaticano
1742 2392 2093 2474 commisit,
2148 2414 2631 2475 nonnumquam
2691 2392 2882 2455 inter-

510 2512 541 2559 3
584 2497 746 2561 iecta
791 2519 905 2581 per
951 2498 1183 2582 quinos
1229 2499 1466 2562 missus
1523 2499 1881 2562 uenatione.
1960 2499 2130 2564 circo
2180 2519 2332 2562 uero
2389 2499 2670 2562 maximo
2716 2521 2881 2562 mar-

580 2605 818 2667 moreis
877 2604 1238 2670 carceribus
1296 2605 1666 2689 auratisque
1721 2605 1938 2689 metiS‚
2004 2627 2165 2688 quae
2225 2610 2497 2689 utraque
2557 2610 2621 2669 et
2681 2605 2883 2670 tofina
2900 2630 2955 2668 το

581 2731 654 2773 ac
699 2709 918 2797 lignea
963 2716 1150 2776 antea
1187 2711 1460 2794 fuerant,
1507 2710 1762 2775 exculto
1800 2712 2063 2794 propria
2098 2711 2505 2775 senatoribus
2544 2712 2883 2776 constituit

576 2815 720 2880 loca
776 2817 1140 2900 promiscue
1196 2823 1484 2902 spectare
1541 2818 1780 2900 solitis;
1847 2839 1921 2880 ac
1987 2840 2179 2901 super
2236 2819 2697 2906 quadrigarum
2752 2839 2881 2882 cer-

585 2924 828 2988 tamina
875 2923 1105 2989 Troiae
1151 2925 1364 2989 lusum
1414 2924 1710 2988 exhibuit
1748 2929 1812 2988 et
1849 2924 2207 3010 Africanae,
2254 2925 2630 2990 conficiente
2668 2929 2879 2988 turma

583 3031 876 3113 equitum
923 3033 1508 3115 praetorianorum,
1563 3031 1835 3095 ducibus
1888 3031 2165 3095 tribunis
2214 3033 2497 3115 ipsoquea
2528 3031 2881 3115 praefect03

576 3142 906 3221 praeterea
951 3137 1294 3202 Thessalos
1343 3139 1616 3220 equiteS,
1666 3137 1775 3220 qui
1824 3138 1996 3200 feros
2041 3140 2263 3200 tauros
2311 3159 2425 3221 per
2470 3139 2680 3222 spatia
2727 3139 2875 3201 circi
2908 3161 2959 3200 τε

580 3249 784 3330 agunt
831 3244 1253 3328 insiliuntque
1302 3244 1586 3307 defessos
1644 3249 1708 3306 et
1755 3244 1835 3306 ad
1883 3247 2119 3306 terram
2168 3244 2470 3308 cornibus
2519 3245 2877 3308 detrahunt.

513 3366 546 3413 4
765 3349 1158 3414 Gladiatoria
1213 3373 1478 3414 munera
1533 3349 1939 3434 plurifariam
1997 3374 2071 3416 ac
2119 3351 2503 3435 multiplicia
2560 3351 2879 3416 exhibuit:

580 3457 1090 3520 anniuersarium
1149 3460 1214 3521 in
1272 3459 1500 3521 castris
1556 3457 1983 3540 praetorianis
2042 3458 2181 3521 sine
2228 3458 2569 3522 uenatione
2616 3480 2880 3542 appara-

578 3567 804 3646 tuque,
879 3564 1119 3627 iustum
1197 3568 1388 3647 atque
1453 3563 1813 3650 legitimum
1885 3565 1950 3626 in
2019 3562 2297 3650 Saeptis3
2372 3565 2610 3629 ibidem
2676 3569 2879 3629 extra-

579 3670 968 3733 ordinarium
1019 3675 1082 3733 et
1127 3669 1323 3734 breue
1372 3671 1745 3753 dierumque
1793 3693 2161 3755 paucorum,
2210 3672 2509 3754 quodque
2557 3673 2878 3756 appellare
2908 3694 2962 3733 so

579 3787 668 3795 -n-——-
718 3789 811 3794 -—

758 3842 822 3888 10
860 3837 928 3901 cf.
963 3837 1143 3890 Victor
1175 3838 1322 3892 Caes.
1345 3841 1395 3903 4,
1415 3841 1480 3889 14
1509 3835 1677 3889 huius
1708 3853 1853 3889 anno
1884 3839 2039 3889 sexto
2071 3878 2082 3891 .
2108 3881 2152 3892 ..
2185 3839 2685 3907 octingentesimus
2716 3839 2872 3892 urbis

575 3915 714 3968 mire
753 3915 1084 3969 celebratus,

719 4067 748 4112 1
788 4060 988 4112 turrim
1011 4060 1172 4130 GHQ
1281 4059 1696 4113 Alexandrinae
1726 4059 2052 4124 Βενοαῑᾱιιε,
2080 4062 2207 4126 fort.
2240 4068 2371 4113 recte
2484 4067 2514 4112 2
2546 4078 2623 4114 an
2656 4061 2879 4130 daig-I)

577 4145 609 4191 3
651 4140 879 4194 diremit
911 4141 962 4195 G
1080 4146 1111 4193 8
1151 4140 1326 4210 apud]
1367 4140 1439 4192 ad
1473 4140 1524 4194 G
1636 4146 1700 4192 12
1739 4141 1943 4208 prodat
1981 4157 2079 4192 om.
2116 4141 2166 4192 G
2278 4147 2342 4192 15
2384 4143 2664 4209 spectasse
2700 4143 2773 4195 M

577 4221 1132 4290 quisquam—esset
1169 4237 1268 4274 om.
1304 4221 1354 4272 G
1523 4225 1586 4272 19
1629 4220 1699 4272 de
1730 4226 1855 4287 post
1892 4219 2135 4272 maximo
2175 4221 2301 4273 add.
2337 4220 2388 4274 G
2570 4227 2637 4274 20
2678 4224 2735 4274 et
2772 4223 2873 4275 del.

579 4303 816 4372 Madvig
854 4305 975 4370 (om.
1007 4302 1124 4368 512),
1170 4301 1298 4365 fort.
1327 4307 1461 4354 recte
1698 4305 1761 4351 21
1806 4301 1893 4369 ac]
1943 4301 1999 4351 et
2034 4301 2083 4352 T
2113 4300 2376 4368 (adignea
2410 4301 2480 4352 M
2487 4301 2501 4331 ¹
2530 4307 2593 4354 ut
2630 4302 2769 4354 uid)
2866 4347 2871 4352 .

578 4386 709 4434 ante
742 4385 808 4450 ea
831 4383 916 4446 M,
947 4384 1076 4434 ante
1117 4381 1220 4450 ΩΤ
1411 4387 1478 4432 23
1509 4379 1781 4434 exhibuit.
1822 4378 2092 4432 Exhibuit
2139 4383 2195 4433 et
2230 4383 2277 4432 Τ
2472 4386 2539 4432 27
2581 4380 2879 4449 plurifaria

577 4462 827 4532 (—pharia
863 4462 930 4530 S)
965 4462 1194 4530 MXHQ
1223 4463 1340 4530 (Ω),
1388 4460 1703 4514 multifaria
1749 4461 1823 4525 G,
1874 4467 2007 4512 reete
2038 4461 2136 4519 Re.-
2336 4465 2403 4514 30
2450 4461 2757 4529 quodquod
2798 4463 2883 4528 Μ,

577 4545 856 4609 quotquot
888 4541 955 4608 G,
999 4543 1148 4608 quod
1181 4543 1446 4595 Baebelo,-
1590 4539 1867 4609 appellari
1889 4570 1957 4578 —
1978 4540 2228 4608 sportula
2266 4543 2490 4609 Lipsius
