<?xml version="1.0" encoding="UTF-8"?>
<!DOCTYPE html PUBLIC "-//W3C//DTD XHTML 1.0 Transitional//EN"
    "http://www.w3.org/TR/xhtml1/DTD/xhtml1-transitional.dtd">
<html xmlns="http://www.w3.org/1999/xhtml" xml:lang="en" lang="en">
 <head>
  <title>
</title>
<meta http-equiv="Content-Type" content="text/html;charset=utf-8" />
  <meta name='ocr-system' content='tesseract 3.04.00' />
  <meta name='ocr-capabilities' content='ocr_page ocr_carea ocr_par ocr_line ocrx_word'/>
</head>
<body>
  <div class='ocr_page' id='page_1' title='image "./csuetoniitranqu00ihmgoog_0015.png"; bbox 0 0 3259 5209; ppageno 0'>
   <div class='ocr_carea' id='block_1_1' title="bbox 1223 436 2575 491">
    <p class='ocr_par' dir='ltr' id='par_1_1' title="bbox 1223 436 2575 491">
     <span class='ocr_line' id='line_1_1' title="bbox 1223 436 2575 491; baseline 0 0"><span class='ocrx_word' id='word_1_1' title='bbox 1223 436 1630 491; x_wconf 80' lang='lat' dir='ltr'>PRAEFATIO</span> <span class='ocrx_word' id='word_1_2' title='bbox 2499 436 2575 491; x_wconf 89' lang='lat' dir='ltr'>IX</span> 
     </span>
    </p>
   </div>
   <div class='ocr_carea' id='block_1_2' title="bbox 269 598 2635 2997">
    <p class='ocr_par' dir='ltr' id='par_1_2' title="bbox 273 598 2575 1933">
     <span class='ocr_line' id='line_1_2' title="bbox 275 598 2575 687; baseline 0 -22"><span class='ocrx_word' id='word_1_3' title='bbox 275 610 380 665; x_wconf 89' lang='lat' dir='ltr'><strong>tur</strong></span> <span class='ocrx_word' id='word_1_4' title='bbox 415 606 642 665; x_wconf 86' lang='lat' dir='ltr'><strong>codices</strong></span> <span class='ocrx_word' id='word_1_5' title='bbox 658 599 727 687; x_wconf 84' lang='lat'><strong>¹),</strong></span> <span class='ocrx_word' id='word_1_6' title='bbox 775 626 1026 682; x_wconf 88' lang='lat' dir='ltr'><strong>quorum</strong></span> <span class='ocrx_word' id='word_1_7' title='bbox 1063 606 1332 684; x_wconf 83' lang='lat' dir='ltr'>plerique</span> <span class='ocrx_word' id='word_1_8' title='bbox 1370 599 1498 686; x_wconf 89' lang='lat' dir='ltr'><strong>(uel</strong></span> <span class='ocrx_word' id='word_1_9' title='bbox 1533 609 1735 682; x_wconf 89' lang='lat' dir='ltr'><strong>potius</strong></span> <span class='ocrx_word' id='word_1_10' title='bbox 1772 598 2003 685; x_wconf 87' lang='lat' dir='ltr'><strong>omnes)</strong></span> <span class='ocrx_word' id='word_1_11' title='bbox 2040 606 2285 682; x_wconf 85' lang='lat' dir='ltr'><strong>periisse</strong></span> <span class='ocrx_word' id='word_1_12' title='bbox 2321 605 2575 681; x_wconf 90' lang='lat' dir='ltr'><strong>putandi</strong></span> 
     </span>
     <span class='ocr_line' id='line_1_3' title="bbox 275 695 2573 771; baseline -0.001 -16"><span class='ocrx_word' id='word_1_13' title='bbox 275 698 445 768; x_wconf 90' lang='lat' dir='ltr'><strong>sunt,</strong></span> <span class='ocrx_word' id='word_1_14' title='bbox 510 697 665 754; x_wconf 88' lang='lat' dir='ltr'><strong>sicut</strong></span> <span class='ocrx_word' id='word_1_15' title='bbox 721 698 1030 771; x_wconf 87' lang='lat' dir='ltr'><strong>perierunt</strong></span> <span class='ocrx_word' id='word_1_16' title='bbox 1083 696 1438 771; x_wconf 83' lang='lat' dir='ltr'><strong>archetypus</strong></span> <span class='ocrx_word' id='word_1_17' title='bbox 1471 695 1800 755; x_wconf 75' lang='lat' dir='ltr'><strong>&#39;Fuldensis</strong></span> <span class='ocrx_word' id='word_1_18' title='bbox 1856 698 2099 771; x_wconf 89' lang='lat' dir='ltr'><strong>eiusque</strong></span> <span class='ocrx_word' id='word_1_19' title='bbox 2159 695 2573 771; x_wconf 76' lang='lat' dir='ltr'><strong>apographum</strong></span> 
     </span>
     <span class='ocr_line' id='line_1_4' title="bbox 277 782 2574 860; baseline 0 -17"><span class='ocrx_word' id='word_1_20' title='bbox 277 784 528 843; x_wconf 87' lang='lat' dir='ltr'><strong>Seruato</strong></span> <span class='ocrx_word' id='word_1_21' title='bbox 583 784 752 860; x_wconf 92' lang='lat' dir='ltr'><strong>Lupo</strong></span> <span class='ocrx_word' id='word_1_22' title='bbox 799 786 1064 845; x_wconf 88' lang='lat' dir='ltr'><strong>missum.</strong></span> <span class='ocrx_word' id='word_1_23' title='bbox 1165 784 1336 843; x_wconf 92' lang='lat' dir='ltr'><strong>uelut</strong></span> <span class='ocrx_word' id='word_1_24' title='bbox 1394 788 1759 844; x_wconf 86' lang='lat' dir='ltr'><strong>memoratur</strong></span> <span class='ocrx_word' id='word_1_25' title='bbox 1819 784 2139 845; x_wconf 80' lang='lat' dir='ltr'><strong>Suetonius</strong></span> <span class='ocrx_word' id='word_1_26' title='bbox 2186 787 2251 843; x_wconf 94' lang='lat' dir='ltr'><strong>in</strong></span> <span class='ocrx_word' id='word_1_27' title='bbox 2301 782 2574 843; x_wconf 86' lang='lat' dir='ltr'><strong>Gerberti</strong></span> 
     </span>
     <span class='ocr_line' id='line_1_5' title="bbox 277 866 2568 955; baseline 0 -24"><span class='ocrx_word' id='word_1_28' title='bbox 277 867 616 955; x_wconf 82' lang='lat' dir='ltr'><strong>(Siluestris</strong></span> <span class='ocrx_word' id='word_1_29' title='bbox 661 872 724 931; x_wconf 89' lang='lat' dir='ltr'>H</span> <span class='ocrx_word' id='word_1_30' title='bbox 767 868 990 950; x_wconf 87' lang='lat' dir='ltr'><strong>papae)</strong></span> <span class='ocrx_word' id='word_1_31' title='bbox 1038 875 1208 950; x_wconf 81' lang='lat' dir='ltr'><strong>epist.</strong></span> <span class='ocrx_word' id='word_1_32' title='bbox 1247 872 1350 931; x_wconf 89' lang='lat' dir='ltr'><strong>XL</strong></span> <span class='ocrx_word' id='word_1_33' title='bbox 1399 866 1578 953; x_wconf 87' lang='lat' dir='ltr'><strong>(saec.</strong></span> <span class='ocrx_word' id='word_1_34' title='bbox 1621 873 1703 952; x_wconf 88' lang='lat' dir='ltr'><strong>X)</strong></span> <span class='ocrx_word' id='word_1_35' title='bbox 1719 866 1797 955; x_wconf 72' lang='lat'><strong>²):</strong></span> <span class='ocrx_word' id='word_1_36' title='bbox 1864 868 1983 933; x_wconf 80' lang='lat' dir='ltr'><strong>‘Ad</strong></span> <span class='ocrx_word' id='word_1_37' title='bbox 2040 872 2410 949; x_wconf 75' lang='lat' dir='ltr'><strong>Stephanum</strong></span> <span class='ocrx_word' id='word_1_38' title='bbox 2457 873 2568 932; x_wconf 83' lang='lat' dir='ltr'><strong>Ro-</strong></span> 
     </span>
     <span class='ocr_line' id='line_1_6' title="bbox 275 961 2569 1039; baseline -0.001 -18"><span class='ocrx_word' id='word_1_39' title='bbox 275 980 488 1022; x_wconf 89' lang='lat' dir='ltr'><strong>manae</strong></span> <span class='ocrx_word' id='word_1_40' title='bbox 543 961 823 1021; x_wconf 89' lang='lat' dir='ltr'><strong>ecclesiae</strong></span> <span class='ocrx_word' id='word_1_41' title='bbox 878 963 1196 1023; x_wconf 89' lang='lat' dir='ltr'><strong>diaconum</strong></span> <span class='ocrx_word' id='word_1_42' title='bbox 1237 1008 1250 1020; x_wconf 92' lang='lat'><strong>.</strong></span> <span class='ocrx_word' id='word_1_43' title='bbox 1288 1007 1299 1018; x_wconf 92' lang='lat'><strong>.</strong></span> <span class='ocrx_word' id='word_1_44' title='bbox 1343 1011 1354 1021; x_wconf 93' lang='lat'><strong>.</strong></span> <span class='ocrx_word' id='word_1_45' title='bbox 1393 962 1546 1021; x_wconf 86' lang='lat' dir='ltr'><strong>Mihi</strong></span> <span class='ocrx_word' id='word_1_46' title='bbox 1597 961 1840 1039; x_wconf 90' lang='lat' dir='ltr'><strong>quidem</strong></span> <span class='ocrx_word' id='word_1_47' title='bbox 1888 982 1956 1022; x_wconf 89' lang='lat' dir='ltr'><strong>ac</strong></span> <span class='ocrx_word' id='word_1_48' title='bbox 2012 965 2214 1022; x_wconf 82' lang='lat' dir='ltr'><strong>nostro</strong></span> <span class='ocrx_word' id='word_1_49' title='bbox 2269 962 2341 1023; x_wconf 82' lang='lat' dir='ltr'><strong>A.</strong></span> <span class='ocrx_word' id='word_1_50' title='bbox 2380 962 2569 1021; x_wconf 86' lang='lat' dir='ltr'><strong>archi-</strong></span> 
     </span>
     <span class='ocr_line' id='line_1_7' title="bbox 277 1049 2573 1128; baseline -0 -17"><span class='ocrx_word' id='word_1_51' title='bbox 277 1053 552 1127; x_wconf 73' lang='lat' dir='ltr'><strong>episcopo</strong></span> <span class='ocrx_word' id='word_1_52' title='bbox 615 1050 930 1111; x_wconf 87' lang='lat' dir='ltr'><strong>Suetonios</strong></span> <span class='ocrx_word' id='word_1_53' title='bbox 985 1051 1365 1127; x_wconf 85' lang='lat' dir='ltr'><strong>Tranquillos</strong></span> <span class='ocrx_word' id='word_1_54' title='bbox 1423 1049 1791 1128; x_wconf 85' lang='lat' dir='ltr'><strong>Quintosque</strong></span> <span class='ocrx_word' id='word_1_55' title='bbox 1838 1051 2115 1111; x_wconf 85' lang='lat' dir='ltr'><strong>Aurelios</strong></span> <span class='ocrx_word' id='word_1_56' title='bbox 2170 1070 2301 1110; x_wconf 89' lang='lat' dir='ltr'><strong>cum</strong></span> <span class='ocrx_word' id='word_1_57' title='bbox 2363 1052 2573 1110; x_wconf 86' lang='lat' dir='ltr'><strong>ceteris</strong></span> 
     </span>
     <span class='ocr_line' id='line_1_8' title="bbox 275 1139 2573 1218; baseline 0.001 -20"><span class='ocrx_word' id='word_1_58' title='bbox 275 1160 426 1216; x_wconf 74' lang='lat' dir='ltr'><strong>quos</strong></span> <span class='ocrx_word' id='word_1_59' title='bbox 479 1141 641 1200; x_wconf 87' lang='lat' dir='ltr'><strong>nosti</strong></span> <span class='ocrx_word' id='word_1_60' title='bbox 694 1160 802 1218; x_wconf 88' lang='lat' dir='ltr'><strong>per</strong></span> <span class='ocrx_word' id='word_1_61' title='bbox 846 1139 1177 1200; x_wconf 88' lang='lat' dir='ltr'><strong>Guidonem</strong></span> <span class='ocrx_word' id='word_1_62' title='bbox 1226 1140 1643 1200; x_wconf 85' lang='lat' dir='ltr'><strong>Suessonicum</strong></span> <span class='ocrx_word' id='word_1_63' title='bbox 1700 1141 1974 1200; x_wconf 89' lang='lat' dir='ltr'><strong>comitem</strong></span> <span class='ocrx_word' id='word_1_64' title='bbox 2034 1140 2284 1199; x_wconf 87' lang='lat' dir='ltr'><strong>discrete</strong></span> <span class='ocrx_word' id='word_1_65' title='bbox 2332 1158 2400 1200; x_wconf 91' lang='lat' dir='ltr'><strong>ac</strong></span> <span class='ocrx_word' id='word_1_66' title='bbox 2447 1142 2573 1201; x_wconf 83' lang='lat' dir='ltr'><strong>sine</strong></span> 
     </span>
     <span class='ocr_line' id='line_1_9' title="bbox 273 1229 2573 1306; baseline 0 -19"><span class='ocrx_word' id='word_1_67' title='bbox 273 1230 411 1303; x_wconf 87' lang='lat' dir='ltr'><strong>lite,</strong></span> <span class='ocrx_word' id='word_1_68' title='bbox 474 1231 607 1306; x_wconf 86' lang='lat' dir='ltr'><strong>quis</strong></span> <span class='ocrx_word' id='word_1_69' title='bbox 661 1230 830 1289; x_wconf 90' lang='lat' dir='ltr'><strong>cuius</strong></span> <span class='ocrx_word' id='word_1_70' title='bbox 885 1230 991 1303; x_wconf 84' lang='lat' dir='ltr'><strong>sit,</strong></span> <span class='ocrx_word' id='word_1_71' title='bbox 1055 1229 1323 1289; x_wconf 76' lang='lat' dir='ltr'><strong>remittes</strong></span> <span class='ocrx_word' id='word_1_72' title='bbox 1379 1232 1440 1287; x_wconf 90' lang='lat' dir='ltr'><strong>et</strong></span> <span class='ocrx_word' id='word_1_73' title='bbox 1494 1249 1647 1306; x_wconf 88' lang='lat' dir='ltr'><strong>quae</strong></span> <span class='ocrx_word' id='word_1_74' title='bbox 1702 1231 1931 1289; x_wconf 90' lang='lat' dir='ltr'><strong>nomini</strong></span> <span class='ocrx_word' id='word_1_75' title='bbox 1994 1234 2098 1289; x_wconf 91' lang='lat' dir='ltr'><strong>tuo</strong></span> <span class='ocrx_word' id='word_1_76' title='bbox 2156 1230 2573 1289; x_wconf 87' lang='lat' dir='ltr'><strong>conuenientia</strong></span> 
     </span>
     <span class='ocr_line' id='line_1_10' title="bbox 274 1312 2571 1400; baseline 0 -23"><span class='ocrx_word' id='word_1_77' title='bbox 274 1336 554 1394; x_wconf 86' lang='lat' dir='ltr'><strong>paremus</strong></span> <span class='ocrx_word' id='word_1_78' title='bbox 601 1314 862 1379; x_wconf 87' lang='lat' dir='ltr'><strong>edisces.&#39;</strong></span> <span class='ocrx_word' id='word_1_79' title='bbox 933 1322 1062 1377; x_wconf 89' lang='lat' dir='ltr'><strong>tum</strong></span> <span class='ocrx_word' id='word_1_80' title='bbox 1109 1338 1146 1378; x_wconf 90' lang='lat' dir='ltr'><strong>a</strong></span> <span class='ocrx_word' id='word_1_81' title='bbox 1193 1318 1450 1378; x_wconf 89' lang='lat' dir='ltr'><strong>Ricardo</strong></span> <span class='ocrx_word' id='word_1_82' title='bbox 1484 1318 1847 1379; x_wconf 83' lang='lat' dir='ltr'><strong>Pictauiensi</strong></span> <span class='ocrx_word' id='word_1_83' title='bbox 1896 1314 2074 1400; x_wconf 86' lang='lat' dir='ltr'><strong>(saec.</strong></span> <span class='ocrx_word' id='word_1_84' title='bbox 2104 1312 2249 1399; x_wconf 85' lang='lat' dir='ltr'>XII)</span> <span class='ocrx_word' id='word_1_85' title='bbox 2294 1321 2358 1377; x_wconf 92' lang='lat' dir='ltr'><strong>in</strong></span> <span class='ocrx_word' id='word_1_86' title='bbox 2405 1318 2571 1377; x_wconf 85' lang='lat' dir='ltr'><strong>chro-</strong></span> 
     </span>
     <span class='ocr_line' id='line_1_11' title="bbox 274 1400 2571 1488; baseline -0 -22"><span class='ocrx_word' id='word_1_87' title='bbox 274 1400 518 1488; x_wconf 75' lang='lat' dir='ltr'><strong>nicis³):</strong></span> <span class='ocrx_word' id='word_1_88' title='bbox 568 1403 700 1467; x_wconf 81' lang='lat' dir='ltr'><strong>‘hoc</strong></span> <span class='ocrx_word' id='word_1_89' title='bbox 747 1406 1098 1484; x_wconf 86' lang='lat' dir='ltr'><strong>opusculum</strong></span> <span class='ocrx_word' id='word_1_90' title='bbox 1144 1409 1410 1483; x_wconf 88' lang='lat' dir='ltr'><strong>excerpsi</strong></span> <span class='ocrx_word' id='word_1_91' title='bbox 1454 1408 1526 1467; x_wconf 86' lang='lat' dir='ltr'><strong>de</strong></span> <span class='ocrx_word' id='word_1_92' title='bbox 1571 1408 1743 1467; x_wconf 88' lang='lat' dir='ltr'><strong>libris</strong></span> <span class='ocrx_word' id='word_1_93' title='bbox 1787 1408 2196 1486; x_wconf 82' lang='lat' dir='ltr'><strong>Augustini..</strong></span> <span class='ocrx_word' id='word_1_94' title='bbox 2228 1452 2242 1465; x_wconf 89' lang='lat'><strong>.</strong></span> <span class='ocrx_word' id='word_1_95' title='bbox 2272 1408 2571 1484; x_wconf 74' lang='lat' dir='ltr'><strong>Eutropii,</strong></span> 
     </span>
     <span class='ocr_line' id='line_1_12' title="bbox 273 1491 2571 1574; baseline -0.001 -19"><span class='ocrx_word' id='word_1_96' title='bbox 273 1498 403 1555; x_wconf 85' lang='lat' dir='ltr'><strong>Titi</strong></span> <span class='ocrx_word' id='word_1_97' title='bbox 447 1497 628 1571; x_wconf 85' lang='lat' dir='ltr'><strong>Liuii,</strong></span> <span class='ocrx_word' id='word_1_98' title='bbox 675 1491 967 1557; x_wconf 87' lang='lat' dir='ltr'><strong>Suetonii&#39;</strong></span> <span class='ocrx_word' id='word_1_99' title='bbox 1015 1515 1134 1574; x_wconf 87' lang='lat' dir='ltr'><strong>eqs.</strong></span> <span class='ocrx_word' id='word_1_100' title='bbox 1211 1496 1494 1556; x_wconf 80' lang='lat' dir='ltr'><strong>extabant</strong></span> <span class='ocrx_word' id='word_1_101' title='bbox 1539 1496 1910 1557; x_wconf 86' lang='lat' dir='ltr'><strong>Suetoniana</strong></span> <span class='ocrx_word' id='word_1_102' title='bbox 1954 1496 2225 1573; x_wconf 84' lang='lat' dir='ltr'><strong>exempla</strong></span> <span class='ocrx_word' id='word_1_103' title='bbox 2270 1497 2334 1554; x_wconf 92' lang='lat' dir='ltr'><strong>in</strong></span> <span class='ocrx_word' id='word_1_104' title='bbox 2372 1495 2571 1555; x_wconf 84' lang='lat' dir='ltr'><strong>Gallia</strong></span> 
     </span>
     <span class='ocr_line' id='line_1_13' title="bbox 275 1578 2569 1665; baseline 0 -21"><span class='ocrx_word' id='word_1_105' title='bbox 275 1585 440 1662; x_wconf 89' lang='lat' dir='ltr'><strong>apud</strong></span> <span class='ocrx_word' id='word_1_106' title='bbox 483 1587 792 1645; x_wconf 84' lang='lat' dir='ltr'><strong>ecclesiam</strong></span> <span class='ocrx_word' id='word_1_107' title='bbox 838 1586 1012 1645; x_wconf 87' lang='lat' dir='ltr'><strong>Becci</strong></span> <span class='ocrx_word' id='word_1_108' title='bbox 1059 1604 1208 1646; x_wconf 84' lang='lat' dir='ltr'><strong>saec.</strong></span> <span class='ocrx_word' id='word_1_109' title='bbox 1240 1578 1447 1665; x_wconf 73' lang='lat' dir='ltr'><strong>XH4),</strong></span> <span class='ocrx_word' id='word_1_110' title='bbox 1493 1588 1555 1644; x_wconf 91' lang='lat' dir='ltr'><strong>in</strong></span> <span class='ocrx_word' id='word_1_111' title='bbox 1602 1586 1961 1645; x_wconf 81' lang='lat' dir='ltr'><strong>bibliotheca</strong></span> <span class='ocrx_word' id='word_1_112' title='bbox 2008 1584 2283 1645; x_wconf 81' lang='lat' dir='ltr'><strong>abbatiae</strong></span> <span class='ocrx_word' id='word_1_113' title='bbox 2332 1604 2374 1644; x_wconf 79' lang='lat' dir='ltr'><strong>s,</strong></span> <span class='ocrx_word' id='word_1_114' title='bbox 2413 1586 2569 1645; x_wconf 87' lang='lat' dir='ltr'><strong>Mar-</strong></span> 
     </span>
     <span class='ocr_line' id='line_1_14' title="bbox 273 1666 2573 1755; baseline -0.001 -22"><span class='ocrx_word' id='word_1_115' title='bbox 273 1675 442 1735; x_wconf 80' lang='lat' dir='ltr'><strong>tialis</strong></span> <span class='ocrx_word' id='word_1_116' title='bbox 467 1674 908 1734; x_wconf 80' lang='lat' dir='ltr'><strong>Lemouicensis</strong></span> <span class='ocrx_word' id='word_1_117' title='bbox 935 1668 1114 1755; x_wconf 85' lang='lat' dir='ltr'><strong>(saec.</strong></span> <span class='ocrx_word' id='word_1_118' title='bbox 1135 1674 1252 1733; x_wconf 87' lang='lat' dir='ltr'><strong>XII</strong></span> <span class='ocrx_word' id='word_1_119' title='bbox 1281 1680 1340 1733; x_wconf 89' lang='lat' dir='ltr'><strong>et</strong></span> <span class='ocrx_word' id='word_1_120' title='bbox 1369 1669 1544 1754; x_wconf 85' lang='lat' dir='ltr'>XIII)</span> <span class='ocrx_word' id='word_1_121' title='bbox 1558 1666 1628 1755; x_wconf 82' lang='lat'><strong>⁵),</strong></span> <span class='ocrx_word' id='word_1_122' title='bbox 1660 1672 1932 1733; x_wconf 84' lang='lat' dir='ltr'><strong>Cluniaci</strong></span> <span class='ocrx_word' id='word_1_123' title='bbox 1960 1666 2137 1755; x_wconf 88' lang='lat' dir='ltr'><strong>(saec.</strong></span> <span class='ocrx_word' id='word_1_124' title='bbox 2159 1674 2277 1733; x_wconf 87' lang='lat' dir='ltr'><strong>XII</strong></span> <span class='ocrx_word' id='word_1_125' title='bbox 2305 1667 2485 1755; x_wconf 88' lang='lat' dir='ltr'><strong>med.)</strong></span> <span class='ocrx_word' id='word_1_126' title='bbox 2499 1667 2573 1754; x_wconf 80' lang='lat'><strong>⁶),</strong></span> 
     </span>
     <span class='ocr_line' id='line_1_15' title="bbox 273 1756 2572 1844; baseline 0 -23"><span class='ocrx_word' id='word_1_127' title='bbox 273 1765 434 1823; x_wconf 86' lang='lat' dir='ltr'><strong>inter</strong></span> <span class='ocrx_word' id='word_1_128' title='bbox 477 1763 660 1823; x_wconf 84' lang='lat' dir='ltr'><strong>libros</strong></span> <span class='ocrx_word' id='word_1_129' title='bbox 706 1763 1191 1823; x_wconf 86' lang='lat' dir='ltr'><strong>Pontiniacenses</strong></span> <span class='ocrx_word' id='word_1_130' title='bbox 1239 1757 1585 1843; x_wconf 83' lang='lat' dir='ltr'><strong>(Pontigny,</strong></span> <span class='ocrx_word' id='word_1_131' title='bbox 1629 1782 1779 1823; x_wconf 85' lang='lat' dir='ltr'><strong>saec.</strong></span> <span class='ocrx_word' id='word_1_132' title='bbox 1809 1756 1985 1844; x_wconf 88' lang='lat' dir='ltr'>XIII)</span> <span class='ocrx_word' id='word_1_133' title='bbox 2000 1756 2083 1844; x_wconf 75' lang='grc'><strong>7);</strong></span> <span class='ocrx_word' id='word_1_134' title='bbox 2144 1766 2209 1822; x_wconf 89' lang='lat' dir='ltr'><strong>in</strong></span> <span class='ocrx_word' id='word_1_135' title='bbox 2255 1764 2572 1823; x_wconf 79' lang='lat' dir='ltr'><strong>Britannia</strong></span> 
     </span>
     <span class='ocr_line' id='line_1_16' title="bbox 276 1846 1697 1933; baseline -0.001 -22"><span class='ocrx_word' id='word_1_136' title='bbox 276 1856 339 1911; x_wconf 84' lang='lat' dir='ltr'><strong>et</strong></span> <span class='ocrx_word' id='word_1_137' title='bbox 383 1853 446 1910; x_wconf 89' lang='lat' dir='ltr'><strong>in</strong></span> <span class='ocrx_word' id='word_1_138' title='bbox 496 1851 818 1927; x_wconf 84' lang='lat' dir='ltr'><strong>Germania</strong></span> <span class='ocrx_word' id='word_1_139' title='bbox 863 1872 1012 1913; x_wconf 88' lang='lat' dir='ltr'><strong>saec.</strong></span> <span class='ocrx_word' id='word_1_140' title='bbox 1042 1846 1271 1933; x_wconf 67' lang='lat' dir='ltr'>XII-13³).</span> <span class='ocrx_word' id='word_1_141' title='bbox 1694 1928 1697 1931; x_wconf 7' lang='grc' dir='ltr'><strong><em>ἦ</em></strong></span> 
     </span>
    </p>

    <p class='ocr_par' dir='ltr' id='par_1_3' title="bbox 269 1941 2635 2997">
     <span class='ocr_line' id='line_1_17' title="bbox 455 1941 2573 2018; baseline -0.001 -18"><span class='ocrx_word' id='word_1_142' title='bbox 455 1941 538 2001; x_wconf 86' lang='lat' dir='ltr'><strong>At</strong></span> <span class='ocrx_word' id='word_1_143' title='bbox 591 1960 711 2000; x_wconf 90' lang='lat' dir='ltr'><strong>non</strong></span> <span class='ocrx_word' id='word_1_144' title='bbox 765 1943 940 2001; x_wconf 89' lang='lat' dir='ltr'><strong>modo</strong></span> <span class='ocrx_word' id='word_1_145' title='bbox 995 1942 1384 2018; x_wconf 86' lang='lat' dir='ltr'><strong>multiplicari</strong></span> <span class='ocrx_word' id='word_1_146' title='bbox 1449 1943 1717 2017; x_wconf 82' lang='lat' dir='ltr'><strong>exempla</strong></span> <span class='ocrx_word' id='word_1_147' title='bbox 1772 1944 1913 2001; x_wconf 85' lang='lat' dir='ltr'><strong>tunc</strong></span> <span class='ocrx_word' id='word_1_148' title='bbox 1972 1945 2183 2018; x_wconf 86' lang='lat' dir='ltr'><strong>coepta</strong></span> <span class='ocrx_word' id='word_1_149' title='bbox 2242 1944 2407 2013; x_wconf 86' lang='lat' dir='ltr'><strong>sunt,</strong></span> <span class='ocrx_word' id='word_1_150' title='bbox 2454 1941 2573 2014; x_wconf 74' lang='lat' dir='ltr'><strong>sed,</strong></span> 
     </span>
     <span class='ocr_line' id='line_1_18' title="bbox 275 2028 2571 2106; baseline 0 -18"><span class='ocrx_word' id='word_1_151' title='bbox 275 2028 438 2105; x_wconf 90' lang='lat' dir='ltr'><strong>quod</strong></span> <span class='ocrx_word' id='word_1_152' title='bbox 481 2033 652 2106; x_wconf 85' lang='lat' dir='ltr'><strong>peius</strong></span> <span class='ocrx_word' id='word_1_153' title='bbox 698 2036 806 2103; x_wconf 87' lang='lat' dir='ltr'><strong>est,</strong></span> <span class='ocrx_word' id='word_1_154' title='bbox 853 2034 1035 2090; x_wconf 83' lang='lat' dir='ltr'><strong>etiam</strong></span> <span class='ocrx_word' id='word_1_155' title='bbox 1082 2031 1406 2103; x_wconf 80' lang='lat' dir='ltr'><strong>emendari3</strong></span> <span class='ocrx_word' id='word_1_156' title='bbox 1456 2050 1646 2105; x_wconf 91' lang='lat' dir='ltr'><strong>neque</strong></span> <span class='ocrx_word' id='word_1_157' title='bbox 1683 2034 1839 2090; x_wconf 90' lang='lat' dir='ltr'><strong>enim</strong></span> <span class='ocrx_word' id='word_1_158' title='bbox 1877 2031 2194 2089; x_wconf 86' lang='lat' dir='ltr'><strong>defuerunt</strong></span> <span class='ocrx_word' id='word_1_159' title='bbox 2229 2030 2340 2089; x_wconf 91' lang='lat' dir='ltr'><strong>illa</strong></span> <span class='ocrx_word' id='word_1_160' title='bbox 2376 2034 2571 2089; x_wconf 87' lang='lat' dir='ltr'><strong>aetate</strong></span> 
     </span>
     <span class='ocr_line' id='line_1_19' title="bbox 273 2119 2572 2197; baseline -0 -19"><span class='ocrx_word' id='word_1_161' title='bbox 273 2120 516 2197; x_wconf 87' lang='lat' dir='ltr'><strong>linguae</strong></span> <span class='ocrx_word' id='word_1_162' title='bbox 579 2119 831 2179; x_wconf 80' lang='lat' dir='ltr'><strong>Latinae</strong></span> <span class='ocrx_word' id='word_1_163' title='bbox 897 2121 1032 2196; x_wconf 90' lang='lat' dir='ltr'><strong>plus</strong></span> <span class='ocrx_word' id='word_1_164' title='bbox 1095 2121 1370 2179; x_wconf 87' lang='lat' dir='ltr'><strong>minusue</strong></span> <span class='ocrx_word' id='word_1_165' title='bbox 1433 2122 1628 2196; x_wconf 87' lang='lat' dir='ltr'><strong>periti.</strong></span> <span class='ocrx_word' id='word_1_166' title='bbox 1741 2139 1859 2197; x_wconf 88' lang='lat' dir='ltr'><strong>quo</strong></span> <span class='ocrx_word' id='word_1_167' title='bbox 1922 2120 2081 2178; x_wconf 87' lang='lat' dir='ltr'><strong>malo</strong></span> <span class='ocrx_word' id='word_1_168' title='bbox 2144 2120 2327 2179; x_wconf 86' lang='lat' dir='ltr'><strong>latius</strong></span> <span class='ocrx_word' id='word_1_169' title='bbox 2392 2122 2572 2194; x_wconf 91' lang='lat' dir='ltr'><strong>atque</strong></span> 
     </span>
     <span class='ocr_line' id='line_1_20' title="bbox 274 2208 2573 2285; baseline 0 -19"><span class='ocrx_word' id='word_1_170' title='bbox 274 2208 460 2267; x_wconf 83' lang='lat' dir='ltr'><strong>latius</strong></span> <span class='ocrx_word' id='word_1_171' title='bbox 524 2212 793 2285; x_wconf 87' lang='lat' dir='ltr'><strong>serpente</strong></span> <span class='ocrx_word' id='word_1_172' title='bbox 857 2228 926 2268; x_wconf 92' lang='lat' dir='ltr'><strong>eo</strong></span> <span class='ocrx_word' id='word_1_173' title='bbox 990 2208 1234 2267; x_wconf 86' lang='lat' dir='ltr'><strong>tandem</strong></span> <span class='ocrx_word' id='word_1_174' title='bbox 1297 2213 1649 2285; x_wconf 88' lang='lat' dir='ltr'><strong>peruentum</strong></span> <span class='ocrx_word' id='word_1_175' title='bbox 1706 2214 1821 2283; x_wconf 86' lang='lat' dir='ltr'><strong>est,</strong></span> <span class='ocrx_word' id='word_1_176' title='bbox 1876 2214 1945 2267; x_wconf 87' lang='lat' dir='ltr'><strong>ut</strong></span> <span class='ocrx_word' id='word_1_177' title='bbox 1997 2211 2117 2268; x_wconf 89' lang='lat' dir='ltr'><strong>iam</strong></span> <span class='ocrx_word' id='word_1_178' title='bbox 2174 2208 2409 2267; x_wconf 87' lang='lat' dir='ltr'><strong>saeculo</strong></span> <span class='ocrx_word' id='word_1_179' title='bbox 2455 2208 2573 2266; x_wconf 87' lang='lat' dir='ltr'><strong>XII</strong></span> 
     </span>
     <span class='ocr_line' id='line_1_21' title="bbox 271 2297 2571 2375; baseline 0 -20"><span class='ocrx_word' id='word_1_180' title='bbox 271 2297 462 2356; x_wconf 88' lang='lat' dir='ltr'><strong>uerba</strong></span> <span class='ocrx_word' id='word_1_181' title='bbox 506 2300 814 2373; x_wconf 87' lang='lat' dir='ltr'><strong>scriptoris</strong></span> <span class='ocrx_word' id='word_1_182' title='bbox 860 2302 1168 2373; x_wconf 83' lang='lat' dir='ltr'><strong>tamquam</strong></span> <span class='ocrx_word' id='word_1_183' title='bbox 1214 2316 1250 2356; x_wconf 92' lang='lat' dir='ltr'><strong>a</strong></span> <span class='ocrx_word' id='word_1_184' title='bbox 1297 2298 1773 2374; x_wconf 85' lang='lat' dir='ltr'><strong>corruptelarum</strong></span> <span class='ocrx_word' id='word_1_185' title='bbox 1818 2297 2089 2357; x_wconf 83' lang='lat' dir='ltr'><strong>sordibus</strong></span> <span class='ocrx_word' id='word_1_186' title='bbox 2126 2300 2386 2375; x_wconf 84' lang='lat' dir='ltr'><strong>purgat-a</strong></span> <span class='ocrx_word' id='word_1_187' title='bbox 2422 2299 2571 2356; x_wconf 88' lang='lat' dir='ltr'><strong>nite-</strong></span> 
     </span>
     <span class='ocr_line' id='line_1_22' title="bbox 272 2386 2635 2466; baseline 0 -22"><span class='ocrx_word' id='word_1_188' title='bbox 272 2391 410 2445; x_wconf 85' lang='lat' dir='ltr'><strong>rent</strong></span> <span class='ocrx_word' id='word_1_189' title='bbox 461 2387 904 2466; x_wconf 85' lang='lat' dir='ltr'><strong>imaginemque</strong></span> <span class='ocrx_word' id='word_1_190' title='bbox 961 2389 1218 2447; x_wconf 89' lang='lat' dir='ltr'><strong>auctoris</strong></span> <span class='ocrx_word' id='word_1_191' title='bbox 1282 2387 1572 2447; x_wconf 86' lang='lat' dir='ltr'><strong>referrent</strong></span> <span class='ocrx_word' id='word_1_192' title='bbox 1627 2407 1664 2445; x_wconf 90' lang='lat' dir='ltr'><strong>a</strong></span> <span class='ocrx_word' id='word_1_193' title='bbox 1717 2406 1858 2446; x_wconf 89' lang='lat' dir='ltr'><strong>uero</strong></span> <span class='ocrx_word' id='word_1_194' title='bbox 1916 2386 2091 2462; x_wconf 86' lang='lat' dir='ltr'><strong>plane</strong></span> <span class='ocrx_word' id='word_1_195' title='bbox 2140 2386 2573 2459; x_wconf 86' lang='lat' dir='ltr'><strong>abhorrentem,</strong></span> <span class='ocrx_word' id='word_1_196' title='bbox 2596 2386 2635 2403; x_wconf 67' lang='lat'><strong>&#39;⁴</strong></span> 
     </span>
     <span class='ocr_line' id='line_1_23' title="bbox 273 2474 2573 2553; baseline 0 -20"><span class='ocrx_word' id='word_1_197' title='bbox 273 2476 458 2534; x_wconf 85' lang='lat' dir='ltr'><strong>talem</strong></span> <span class='ocrx_word' id='word_1_198' title='bbox 505 2477 731 2537; x_wconf 85' lang='lat' dir='ltr'><strong>scilicet</strong></span> <span class='ocrx_word' id='word_1_199' title='bbox 767 2476 1006 2552; x_wconf 89' lang='lat' dir='ltr'><strong>qualem</strong></span> <span class='ocrx_word' id='word_1_200' title='bbox 1042 2476 1326 2553; x_wconf 86' lang='lat' dir='ltr'><strong>uulgatae</strong></span> <span class='ocrx_word' id='word_1_201' title='bbox 1362 2475 1653 2535; x_wconf 88' lang='lat' dir='ltr'><strong>editiones</strong></span> <span class='ocrx_word' id='word_1_202' title='bbox 1691 2476 2115 2535; x_wconf 85' lang='lat' dir='ltr'><strong>demonstrant.</strong></span> <span class='ocrx_word' id='word_1_203' title='bbox 2181 2474 2335 2534; x_wconf 85' lang='lat' dir='ltr'><strong>forte</strong></span> <span class='ocrx_word' id='word_1_204' title='bbox 2373 2478 2573 2534; x_wconf 89' lang='lat' dir='ltr'><strong>autem</strong></span> 
     </span>
     <span class='ocr_line' id='line_1_24' title="bbox 274 2563 2571 2638; baseline 0 -17"><span class='ocrx_word' id='word_1_205' title='bbox 274 2565 517 2623; x_wconf 82' lang='lat' dir='ltr'><strong>fortuna</strong></span> <span class='ocrx_word' id='word_1_206' title='bbox 563 2564 806 2638; x_wconf 84' lang='lat' dir='ltr'><strong>accidit,</strong></span> <span class='ocrx_word' id='word_1_207' title='bbox 851 2568 920 2623; x_wconf 90' lang='lat' dir='ltr'><strong>ut</strong></span> <span class='ocrx_word' id='word_1_208' title='bbox 969 2568 1222 2623; x_wconf 82' lang='lat' dir='ltr'><strong>aetatem</strong></span> <span class='ocrx_word' id='word_1_209' title='bbox 1271 2566 1453 2623; x_wconf 88' lang='lat' dir='ltr'><strong>ferret</strong></span> <span class='ocrx_word' id='word_1_210' title='bbox 1497 2584 1649 2624; x_wconf 87' lang='lat' dir='ltr'><strong>unus</strong></span> <span class='ocrx_word' id='word_1_211' title='bbox 1694 2565 1907 2624; x_wconf 86' lang='lat' dir='ltr'><strong>saltem</strong></span> <span class='ocrx_word' id='word_1_212' title='bbox 1956 2564 2133 2623; x_wconf 84' lang='lat' dir='ltr'><strong>codex</strong></span> <span class='ocrx_word' id='word_1_213' title='bbox 2182 2584 2411 2623; x_wconf 88' lang='lat' dir='ltr'><strong>summa</strong></span> <span class='ocrx_word' id='word_1_214' title='bbox 2457 2563 2571 2623; x_wconf 86' lang='lat' dir='ltr'><strong>fide</strong></span> 
     </span>
     <span class='ocr_line' id='line_1_25' title="bbox 274 2652 2572 2731; baseline 0 -21"><span class='ocrx_word' id='word_1_215' title='bbox 274 2672 347 2710; x_wconf 86' lang='lat' dir='ltr'><strong>ex</strong></span> <span class='ocrx_word' id='word_1_216' title='bbox 395 2654 621 2728; x_wconf 90' lang='lat' dir='ltr'><strong>optimo</strong></span> <span class='ocrx_word' id='word_1_217' title='bbox 678 2654 1029 2729; x_wconf 82' lang='lat' dir='ltr'><strong>exemplari,</strong></span> <span class='ocrx_word' id='word_1_218' title='bbox 1083 2654 1334 2713; x_wconf 86' lang='lat' dir='ltr'><strong>fortasse</strong></span> <span class='ocrx_word' id='word_1_219' title='bbox 1379 2654 1508 2730; x_wconf 88' lang='lat' dir='ltr'><strong>ipso</strong></span> <span class='ocrx_word' id='word_1_220' title='bbox 1566 2654 1669 2712; x_wconf 88' lang='lat' dir='ltr'><strong>illo</strong></span> <span class='ocrx_word' id='word_1_221' title='bbox 1726 2654 2069 2731; x_wconf 84' lang='lat' dir='ltr'><strong>apographo</strong></span> <span class='ocrx_word' id='word_1_222' title='bbox 2116 2652 2353 2713; x_wconf 88' lang='lat' dir='ltr'><strong>Seruati</strong></span> <span class='ocrx_word' id='word_1_223' title='bbox 2397 2653 2572 2729; x_wconf 88' lang='lat' dir='ltr'><strong>Lupi,</strong></span> 
     </span>
     <span class='ocr_line' id='line_1_26' title="bbox 269 2743 2571 2819; baseline -0.001 -18"><span class='ocrx_word' id='word_1_224' title='bbox 269 2743 700 2819; x_wconf 83' lang='lat' dir='ltr'><strong>transscriptus</strong></span> <span class='ocrx_word' id='word_1_225' title='bbox 746 2762 1070 2819; x_wconf 85' lang='lat' dir='ltr'><strong>expersque</strong></span> <span class='ocrx_word' id='word_1_226' title='bbox 1115 2745 1229 2802; x_wconf 90' lang='lat' dir='ltr'><strong>etsi</strong></span> <span class='ocrx_word' id='word_1_227' title='bbox 1274 2761 1390 2802; x_wconf 91' lang='lat' dir='ltr'><strong>non</strong></span> <span class='ocrx_word' id='word_1_228' title='bbox 1439 2743 1786 2801; x_wconf 81' lang='lat' dir='ltr'><strong>mendorum</strong></span> <span class='ocrx_word' id='word_1_229' title='bbox 1832 2746 1897 2801; x_wconf 89' lang='lat' dir='ltr'><strong>at</strong></span> <span class='ocrx_word' id='word_1_230' title='bbox 1944 2747 2099 2801; x_wconf 86' lang='lat' dir='ltr'><strong>certe</strong></span> <span class='ocrx_word' id='word_1_231' title='bbox 2143 2743 2571 2801; x_wconf 64' lang='lat' dir='ltr'><strong>conectionum</strong></span> 
     </span>
     <span class='ocr_line' id='line_1_27' title="bbox 275 2830 2572 2907; baseline 0 -18"><span class='ocrx_word' id='word_1_232' title='bbox 275 2833 460 2906; x_wconf 87' lang='lat' dir='ltr'><strong>atque</strong></span> <span class='ocrx_word' id='word_1_233' title='bbox 504 2831 1056 2907; x_wconf 89' lang='lat' dir='ltr'><strong>interpolationum,</strong></span> <span class='ocrx_word' id='word_1_234' title='bbox 1103 2832 1316 2907; x_wconf 88' lang='lat' dir='ltr'><strong>quibus</strong></span> <span class='ocrx_word' id='word_1_235' title='bbox 1365 2832 1471 2890; x_wconf 89' lang='lat' dir='ltr'><strong>alii</strong></span> <span class='ocrx_word' id='word_1_236' title='bbox 1517 2832 1640 2892; x_wconf 85' lang='lat' dir='ltr'><strong>fere</strong></span> <span class='ocrx_word' id='word_1_237' title='bbox 1686 2830 2030 2905; x_wconf 80' lang='lat' dir='ltr'><strong>foedantur,</strong></span> <span class='ocrx_word' id='word_1_238' title='bbox 2076 2831 2572 2890; x_wconf 86' lang='lat' dir='ltr'><strong>Memmianum</strong></span> 
     </span>
     <span class='ocr_line' id='line_1_28' title="bbox 269 2918 2571 2997; baseline 0 -21"><span class='ocrx_word' id='word_1_239' title='bbox 269 2918 438 2995; x_wconf 83' lang='lat' dir='ltr'><strong>dico,</strong></span> <span class='ocrx_word' id='word_1_240' title='bbox 501 2924 764 2980; x_wconf 88' lang='lat' dir='ltr'><strong>omnium</strong></span> <span class='ocrx_word' id='word_1_241' title='bbox 829 2922 936 2997; x_wconf 92' lang='lat' dir='ltr'><strong>qui</strong></span> <span class='ocrx_word' id='word_1_242' title='bbox 999 2922 1233 2979; x_wconf 72' lang='lat' dir='ltr'><strong>inuenti</strong></span> <span class='ocrx_word' id='word_1_243' title='bbox 1297 2928 1434 2980; x_wconf 87' lang='lat' dir='ltr'><strong>sunt</strong></span> <span class='ocrx_word' id='word_1_244' title='bbox 1498 2925 1558 2979; x_wconf 89' lang='lat' dir='ltr'><strong>et</strong></span> <span class='ocrx_word' id='word_1_245' title='bbox 1615 2922 2098 2996; x_wconf 75' lang='lat' dir='ltr'><strong>antiquissimum</strong></span> <span class='ocrx_word' id='word_1_246' title='bbox 2153 2922 2214 2980; x_wconf 92' lang='lat' dir='ltr'><strong>et</strong></span> <span class='ocrx_word' id='word_1_247' title='bbox 2258 2920 2571 2997; x_wconf 86' lang='lat' dir='ltr'><strong>integerri-</strong></span> 
     </span>
    </p>
   </div>
   <div class='ocr_carea' id='block_1_3' title="bbox 267 3087 2579 3725">
    <p class='ocr_par' dir='ltr' id='par_1_4' title="bbox 270 3087 2572 3301">
     <span class='ocr_line' id='line_1_29' title="bbox 457 3087 2572 3159; baseline -0.001 -16"><span class='ocrx_word' id='word_1_248' title='bbox 457 3092 507 3159; x_wconf 84' lang='lat'><strong>1)</strong></span> <span class='ocrx_word' id='word_1_249' title='bbox 549 3088 610 3143; x_wconf 82' lang='lat' dir='ltr'><strong>G.</strong></span> <span class='ocrx_word' id='word_1_250' title='bbox 644 3088 881 3155; x_wconf 82' lang='lat' dir='ltr'><strong>Becker,</strong></span> <span class='ocrx_word' id='word_1_251' title='bbox 920 3088 1112 3143; x_wconf 67' lang='lat' dir='ltr'><strong>Catalo</strong></span> <span class='ocrx_word' id='word_1_252' title='bbox 1156 3088 1176 3141; x_wconf 88' lang='lat' dir='ltr'><strong>i</strong></span> <span class='ocrx_word' id='word_1_253' title='bbox 1215 3087 1349 3143; x_wconf 89' lang='lat' dir='ltr'><strong>bibl.</strong></span> <span class='ocrx_word' id='word_1_254' title='bbox 1382 3089 1600 3157; x_wconf 86' lang='lat' dir='ltr'><strong>antiqui</strong></span> <span class='ocrx_word' id='word_1_255' title='bbox 1641 3090 1887 3157; x_wconf 75' lang='lat' dir='ltr'><strong>(Bonnae</strong></span> <span class='ocrx_word' id='word_1_256' title='bbox 1928 3092 2103 3157; x_wconf 86' lang='lat'>1885).</span> <span class='ocrx_word' id='word_1_257' title='bbox 2178 3089 2253 3143; x_wconf 84' lang='lat' dir='ltr'><strong>M.</strong></span> <span class='ocrx_word' id='word_1_258' title='bbox 2282 3088 2572 3155; x_wconf 85' lang='lat' dir='ltr'><strong>Manitius,</strong></span> 
     </span>
     <span class='ocr_line' id='line_1_30' title="bbox 271 3108 2569 3285; baseline -0 -71"><span class='ocrx_word' id='word_1_259' title='bbox 271 3160 722 3285; x_wconf 57' lang='lat' dir='ltr'><strong>Philcilogisches</strong></span> <span class='ocrx_word' id='word_1_260' title='bbox 773 3178 874 3214; x_wconf 88' lang='lat' dir='ltr'><strong>aus</strong></span> <span class='ocrx_word' id='word_1_261' title='bbox 932 3160 1084 3213; x_wconf 86' lang='lat' dir='ltr'><strong>alten</strong></span> <span class='ocrx_word' id='word_1_262' title='bbox 1115 3108 1817 3232; x_wconf 42' lang='lat' dir='ltr'><strong>{ibliothekskatalogem</strong></span> <span class='ocrx_word' id='word_1_263' title='bbox 1870 3160 2067 3214; x_wconf 87' lang='lat' dir='ltr'><strong>Rhein.</strong></span> <span class='ocrx_word' id='word_1_264' title='bbox 2098 3160 2240 3218; x_wconf 82' lang='lat' dir='ltr'><strong>Mus.</strong></span> <span class='ocrx_word' id='word_1_265' title='bbox 2280 3166 2345 3213; x_wconf 81' lang='grc'><strong>47</strong></span> <span class='ocrx_word' id='word_1_266' title='bbox 2387 3165 2569 3228; x_wconf 74' lang='grc'><strong>(1892)</strong></span> 
     </span>
     <span class='ocr_line' id='line_1_31' title="bbox 270 3238 754 3301; baseline 0 -16"><span class='ocrx_word' id='word_1_267' title='bbox 270 3250 422 3301; x_wconf 82' lang='lat' dir='ltr'><strong>supp</strong></span> <span class='ocrx_word' id='word_1_268' title='bbox 448 3273 460 3285; x_wconf 92' lang='lat'><strong>.</strong></span> <span class='ocrx_word' id='word_1_269' title='bbox 499 3250 553 3301; x_wconf 90' lang='lat' dir='ltr'><strong>p.</strong></span> <span class='ocrx_word' id='word_1_270' title='bbox 585 3238 652 3285; x_wconf 90' lang='grc'><strong>70</strong></span> <span class='ocrx_word' id='word_1_271' title='bbox 674 3250 754 3300; x_wconf 88' lang='lat' dir='ltr'><strong>sq.</strong></span> 
     </span>
    </p>

    <p class='ocr_par' dir='ltr' id='par_1_5' title="bbox 457 3303 966 3371">
     <span class='ocr_line' id='line_1_32' title="bbox 457 3303 966 3371; baseline -0.002 -15"><span class='ocrx_word' id='word_1_272' title='bbox 457 3308 510 3371; x_wconf 77' lang='lat'><strong>2)</strong></span> <span class='ocrx_word' id='word_1_273' title='bbox 547 3303 759 3357; x_wconf 89' lang='lat' dir='ltr'><strong>Becker</strong></span> <span class='ocrx_word' id='word_1_274' title='bbox 796 3322 850 3371; x_wconf 91' lang='lat' dir='ltr'><strong>p.</strong></span> <span class='ocrx_word' id='word_1_275' title='bbox 885 3308 966 3356; x_wconf 87' lang='grc'><strong>78.</strong></span> 
     </span>
    </p>

    <p class='ocr_par' dir='ltr' id='par_1_6' title="bbox 456 3374 1002 3443">
     <span class='ocr_line' id='line_1_33' title="bbox 456 3374 1002 3443; baseline 0 -15"><span class='ocrx_word' id='word_1_276' title='bbox 456 3380 508 3441; x_wconf 88' lang='grc'><strong>3)</strong></span> <span class='ocrx_word' id='word_1_277' title='bbox 551 3374 760 3428; x_wconf 78' lang='lat' dir='ltr'><strong>Becker</strong></span> <span class='ocrx_word' id='word_1_278' title='bbox 796 3392 849 3443; x_wconf 90' lang='lat' dir='ltr'><strong>p.</strong></span> <span class='ocrx_word' id='word_1_279' title='bbox 882 3381 1002 3428; x_wconf 78' lang='lat'><strong>217.</strong></span> 
     </span>
    </p>

    <p class='ocr_par' dir='ltr' id='par_1_7' title="bbox 267 3444 2579 3725">
     <span class='ocr_line' id='line_1_34' title="bbox 455 3444 2568 3515; baseline -0.001 -16"><span class='ocrx_word' id='word_1_280' title='bbox 455 3450 506 3515; x_wconf 79' lang='lat'><strong>4)</strong></span> <span class='ocrx_word' id='word_1_281' title='bbox 545 3445 758 3499; x_wconf 86' lang='lat' dir='ltr'><strong>Becker</strong></span> <span class='ocrx_word' id='word_1_282' title='bbox 798 3464 853 3514; x_wconf 90' lang='lat' dir='ltr'><strong>p.</strong></span> <span class='ocrx_word' id='word_1_283' title='bbox 884 3451 982 3499; x_wconf 75' lang='lat'>‘201</span> <span class='ocrx_word' id='word_1_284' title='bbox 1027 3463 1106 3499; x_wconf 90' lang='lat' dir='ltr'><strong>nr.</strong></span> <span class='ocrx_word' id='word_1_285' title='bbox 1140 3452 1204 3498; x_wconf 79' lang='grc'><strong>75</strong></span> <span class='ocrx_word' id='word_1_286' title='bbox 1248 3445 1568 3498; x_wconf 81' lang='lat' dir='ltr'><strong>‘Suetonius</strong></span> <span class='ocrx_word' id='word_1_287' title='bbox 1625 3447 1683 3497; x_wconf 87' lang='lat' dir='ltr'><strong>et</strong></span> <span class='ocrx_word' id='word_1_288' title='bbox 1728 3444 2075 3514; x_wconf 83' lang='lat' dir='ltr'><strong>Eutropius’,</strong></span> <span class='ocrx_word' id='word_1_289' title='bbox 2121 3463 2201 3498; x_wconf 88' lang='lat' dir='ltr'><strong>nr.</strong></span> <span class='ocrx_word' id='word_1_290' title='bbox 2246 3450 2309 3497; x_wconf 90' lang='grc'><strong>76</strong></span> <span class='ocrx_word' id='word_1_291' title='bbox 2352 3444 2568 3497; x_wconf 83' lang='lat' dir='ltr'><strong>‘Sueto-</strong></span> 
     </span>
     <span class='ocr_line' id='line_1_35' title="bbox 267 3515 2579 3585; baseline -0 -15"><span class='ocrx_word' id='word_1_292' title='bbox 267 3518 402 3570; x_wconf 86' lang='lat' dir='ltr'><strong>nius</strong></span> <span class='ocrx_word' id='word_1_293' title='bbox 441 3522 498 3570; x_wconf 88' lang='lat' dir='ltr'><strong>ct</strong></span> <span class='ocrx_word' id='word_1_294' title='bbox 524 3516 698 3570; x_wconf 83' lang='lat' dir='ltr'><strong>Iulius</strong></span> <span class='ocrx_word' id='word_1_295' title='bbox 728 3516 1028 3570; x_wconf 78' lang='lat' dir='ltr'><strong>Frontinus</strong></span> <span class='ocrx_word' id='word_1_296' title='bbox 1058 3519 1115 3571; x_wconf 89' lang='lat' dir='ltr'><strong>et</strong></span> <span class='ocrx_word' id='word_1_297' title='bbox 1152 3516 1453 3585; x_wconf 81' lang='lat' dir='ltr'><strong>Eutropius</strong></span> <span class='ocrx_word' id='word_1_298' title='bbox 1493 3520 1550 3569; x_wconf 91' lang='lat' dir='ltr'><strong>et</strong></span> <span class='ocrx_word' id='word_1_299' title='bbox 1579 3516 1752 3570; x_wconf 90' lang='lat' dir='ltr'><strong>Tullii</strong></span> <span class='ocrx_word' id='word_1_300' title='bbox 1781 3516 2129 3569; x_wconf 82' lang='lat' dir='ltr'><strong>Tusculanae</strong></span> <span class='ocrx_word' id='word_1_301' title='bbox 2170 3520 2226 3569; x_wconf 88' lang='lat' dir='ltr'><strong>et</strong></span> <span class='ocrx_word' id='word_1_302' title='bbox 2253 3515 2579 3584; x_wconf 83' lang='lat' dir='ltr'><strong>Philippica</strong></span> 
     </span>
     <span class='ocr_line' id='line_1_36' title="bbox 269 3586 2573 3659; baseline -0.001 -16"><span class='ocrx_word' id='word_1_303' title='bbox 269 3588 548 3643; x_wconf 85' lang='lat' dir='ltr'><strong>eiusdem’</strong></span> <span class='ocrx_word' id='word_1_304' title='bbox 581 3590 670 3657; x_wconf 90' lang='lat' dir='ltr'><strong>(de</strong></span> <span class='ocrx_word' id='word_1_305' title='bbox 702 3592 1029 3659; x_wconf 83' lang='lat' dir='ltr'><strong>argumento</strong></span> <span class='ocrx_word' id='word_1_306' title='bbox 1060 3589 1129 3642; x_wconf 84' lang='lat' dir='ltr'><strong>cf.</strong></span> <span class='ocrx_word' id='word_1_307' title='bbox 1151 3588 1300 3641; x_wconf 66' lang='lat' dir='ltr'><strong>infra</strong></span> <span class='ocrx_word' id='word_1_308' title='bbox 1326 3606 1380 3656; x_wconf 90' lang='lat' dir='ltr'><strong>p.</strong></span> <span class='ocrx_word' id='word_1_309' title='bbox 1410 3587 1633 3653; x_wconf 78' lang='lat' dir='ltr'>XVIII);</span> <span class='ocrx_word' id='word_1_310' title='bbox 1666 3606 1718 3656; x_wconf 92' lang='lat' dir='ltr'><strong>p.</strong></span> <span class='ocrx_word' id='word_1_311' title='bbox 1750 3594 1852 3641; x_wconf 79' lang='lat'><strong>265</strong></span> <span class='ocrx_word' id='word_1_312' title='bbox 1874 3588 2022 3641; x_wconf 90' lang='lat' dir='ltr'><strong>inter</strong></span> <span class='ocrx_word' id='word_1_313' title='bbox 2052 3586 2271 3641; x_wconf 78' lang='lat' dir='ltr'><strong>‘titulos</strong></span> <span class='ocrx_word' id='word_1_314' title='bbox 2300 3586 2573 3640; x_wconf 87' lang='lat' dir='ltr'><strong>librorum</strong></span> 
     </span>
     <span class='ocr_line' id='line_1_37' title="bbox 271 3658 2572 3725; baseline -0.001 -12"><span class='ocrx_word' id='word_1_315' title='bbox 271 3659 568 3713; x_wconf 86' lang='lat' dir='ltr'><strong>Becceusis</strong></span> <span class='ocrx_word' id='word_1_316' title='bbox 620 3659 878 3713; x_wconf 88' lang='lat' dir='ltr'><strong>Almarii’</strong></span> <span class='ocrx_word' id='word_1_317' title='bbox 933 3677 1012 3712; x_wconf 92' lang='lat' dir='ltr'><strong>nr.</strong></span> <span class='ocrx_word' id='word_1_318' title='bbox 1057 3666 1155 3713; x_wconf 72' lang='lat'><strong>147</strong></span> <span class='ocrx_word' id='word_1_319' title='bbox 1199 3658 1520 3712; x_wconf 85' lang='lat' dir='ltr'><strong>‘Suetonius</strong></span> <span class='ocrx_word' id='word_1_320' title='bbox 1573 3659 1642 3711; x_wconf 92' lang='lat' dir='ltr'><strong>de</strong></span> <span class='ocrx_word' id='word_1_321' title='bbox 1696 3660 1817 3712; x_wconf 82' lang='lat' dir='ltr'><strong>uita</strong></span> <span class='ocrx_word' id='word_1_322' title='bbox 1868 3658 2168 3712; x_wconf 77' lang='lat' dir='ltr'><strong>Caesarum</strong></span> <span class='ocrx_word' id='word_1_323' title='bbox 2218 3658 2316 3713; x_wconf 89' lang='lat' dir='ltr'><strong>lib.</strong></span> <span class='ocrx_word' id='word_1_324' title='bbox 2355 3658 2473 3725; x_wconf 89' lang='lat' dir='ltr'>XII,</span> <span class='ocrx_word' id='word_1_325' title='bbox 2512 3658 2572 3710; x_wconf 90' lang='lat' dir='ltr'><strong>in</strong></span> 
     </span>
    </p>
   </div>
   <div class='ocr_carea' id='block_1_4' title="bbox 268 3730 2573 3871">
    <p class='ocr_par' dir='ltr' id='par_1_8' title="bbox 268 3730 2573 3871">
     <span class='ocr_line' id='line_1_38' title="bbox 268 3730 2040 3800; baseline -0.001 -16"><span class='ocrx_word' id='word_1_326' title='bbox 268 3731 473 3785; x_wconf 86' lang='lat' dir='ltr'><strong>eodem</strong></span> <span class='ocrx_word' id='word_1_327' title='bbox 512 3730 816 3800; x_wconf 81' lang='lat' dir='ltr'><strong>Eutropius</strong></span> <span class='ocrx_word' id='word_1_328' title='bbox 855 3731 925 3784; x_wconf 91' lang='lat' dir='ltr'><strong>ab</strong></span> <span class='ocrx_word' id='word_1_329' title='bbox 965 3730 1098 3785; x_wconf 89' lang='lat' dir='ltr'><strong>urbe</strong></span> <span class='ocrx_word' id='word_1_330' title='bbox 1139 3731 1368 3784; x_wconf 85' lang='lat' dir='ltr'><strong>condita</strong></span> <span class='ocrx_word' id='word_1_331' title='bbox 1403 3730 1500 3783; x_wconf 90' lang='lat' dir='ltr'><strong>lib.</strong></span> <span class='ocrx_word' id='word_1_332' title='bbox 1533 3730 1622 3783; x_wconf 89' lang='lat' dir='ltr'><strong>X&#39;.</strong></span> <span class='ocrx_word' id='word_1_333' title='bbox 2035 3790 2040 3796; x_wconf 49' lang='grc'><strong>,</strong></span> 
     </span>
     <span class='ocr_line' id='line_1_39' title="bbox 453 3800 2573 3871; baseline -0.001 -16"><span class='ocrx_word' id='word_1_334' title='bbox 453 3806 508 3871; x_wconf 85' lang='grc'><strong>5)</strong></span> <span class='ocrx_word' id='word_1_335' title='bbox 547 3802 604 3856; x_wconf 91' lang='lat' dir='ltr'><strong>L.</strong></span> <span class='ocrx_word' id='word_1_336' title='bbox 635 3801 863 3869; x_wconf 87' lang='lat' dir='ltr'><strong>Delisle,</strong></span> <span class='ocrx_word' id='word_1_337' title='bbox 901 3801 975 3854; x_wconf 91' lang='lat' dir='ltr'><strong>Le</strong></span> <span class='ocrx_word' id='word_1_338' title='bbox 1013 3802 1240 3855; x_wconf 88' lang='lat' dir='ltr'><strong>cabinet</strong></span> <span class='ocrx_word' id='word_1_339' title='bbox 1277 3802 1374 3855; x_wconf 90' lang='lat' dir='ltr'><strong>des</strong></span> <span class='ocrx_word' id='word_1_340' title='bbox 1412 3819 1541 3854; x_wconf 89' lang='lat' dir='ltr'><strong>mss.</strong></span> <span class='ocrx_word' id='word_1_341' title='bbox 1574 3800 1643 3854; x_wconf 88' lang='lat' dir='ltr'><strong>de</strong></span> <span class='ocrx_word' id='word_1_342' title='bbox 1682 3802 1739 3854; x_wconf 89' lang='lat' dir='ltr'><strong>la</strong></span> <span class='ocrx_word' id='word_1_343' title='bbox 1774 3800 1920 3854; x_wconf 89' lang='lat' dir='ltr'><strong>Bibl.</strong></span> <span class='ocrx_word' id='word_1_344' title='bbox 1951 3800 2163 3854; x_wconf 76' lang='lat' dir='ltr'><strong>Nat...11</strong></span> <span class='ocrx_word' id='word_1_345' title='bbox 2201 3800 2377 3869; x_wconf 85' lang='lat' dir='ltr'><strong>(Paris</strong></span> <span class='ocrx_word' id='word_1_346' title='bbox 2411 3803 2573 3869; x_wconf 82' lang='lat'>18⁷4)</span> 
     </span>
    </p>
   </div>
   <div class='ocr_carea' id='block_1_5' title="bbox 267 3870 2572 4441">
    <p class='ocr_par' dir='ltr' id='par_1_9' title="bbox 269 3870 2571 4156">
     <span class='ocr_line' id='line_1_40' title="bbox 271 3870 2570 3943; baseline -0.001 -17"><span class='ocrx_word' id='word_1_347' title='bbox 271 3892 329 3943; x_wconf 88' lang='lat' dir='ltr'><strong>p.</strong></span> <span class='ocrx_word' id='word_1_348' title='bbox 361 3878 464 3927; x_wconf 80' lang='lat'><strong>495</strong></span> <span class='ocrx_word' id='word_1_349' title='bbox 494 3891 576 3927; x_wconf 88' lang='lat' dir='ltr'><strong>nr.</strong></span> <span class='ocrx_word' id='word_1_350' title='bbox 609 3880 674 3926; x_wconf 78' lang='lat'><strong>22</strong></span> <span class='ocrx_word' id='word_1_351' title='bbox 708 3873 945 3943; x_wconf 83' lang='lat' dir='ltr'><strong>‘Trogus</strong></span> <span class='ocrx_word' id='word_1_352' title='bbox 976 3872 1292 3941; x_wconf 87' lang='lat' dir='ltr'><strong>Pompeius,</strong></span> <span class='ocrx_word' id='word_1_353' title='bbox 1332 3872 1649 3939; x_wconf 86' lang='lat' dir='ltr'><strong>Suetonius,</strong></span> <span class='ocrx_word' id='word_1_354' title='bbox 1688 3872 1859 3926; x_wconf 86' lang='lat' dir='ltr'><strong>Gesta</strong></span> <span class='ocrx_word' id='word_1_355' title='bbox 1893 3871 2175 3938; x_wconf 80' lang='lat' dir='ltr'><strong>cesarum,</strong></span> <span class='ocrx_word' id='word_1_356' title='bbox 2214 3870 2387 3924; x_wconf 82' lang='lat' dir='ltr'><strong>Facta</strong></span> <span class='ocrx_word' id='word_1_357' title='bbox 2425 3870 2570 3924; x_wconf 87' lang='lat' dir='ltr'><strong>anti-</strong></span> 
     </span>
     <span class='ocr_line' id='line_1_41' title="bbox 269 3942 2571 4013; baseline -0.001 -16"><span class='ocrx_word' id='word_1_358' title='bbox 269 3962 513 4013; x_wconf 86' lang='lat' dir='ltr'><strong>quorum</strong></span> <span class='ocrx_word' id='word_1_359' title='bbox 542 3944 601 3997; x_wconf 89' lang='lat' dir='ltr'><strong>in</strong></span> <span class='ocrx_word' id='word_1_360' title='bbox 629 3946 763 3998; x_wconf 89' lang='lat' dir='ltr'><strong>uno&#39;</strong></span> <span class='ocrx_word' id='word_1_361' title='bbox 805 3945 962 4013; x_wconf 83' lang='lat' dir='ltr'><strong>(item</strong></span> <span class='ocrx_word' id='word_1_362' title='bbox 991 3964 1045 4013; x_wconf 94' lang='lat' dir='ltr'><strong>p.</strong></span> <span class='ocrx_word' id='word_1_363' title='bbox 1078 3950 1177 3997; x_wconf 79' lang='lat'><strong>501</strong></span> <span class='ocrx_word' id='word_1_364' title='bbox 1210 3962 1290 3997; x_wconf 91' lang='lat' dir='ltr'><strong>nr.</strong></span> <span class='ocrx_word' id='word_1_365' title='bbox 1317 3950 1437 4011; x_wconf 77' lang='lat'>179)</span> <span class='ocrx_word' id='word_1_366' title='bbox 1468 3946 1526 3997; x_wconf 87' lang='lat' dir='ltr'><strong>et</strong></span> <span class='ocrx_word' id='word_1_367' title='bbox 1552 3962 1605 4011; x_wconf 91' lang='lat' dir='ltr'><strong>p.</strong></span> <span class='ocrx_word' id='word_1_368' title='bbox 1638 3949 1740 3997; x_wconf 86' lang='grc'><strong>497</strong></span> <span class='ocrx_word' id='word_1_369' title='bbox 1772 3961 1852 3996; x_wconf 87' lang='lat' dir='ltr'><strong>nr.</strong></span> <span class='ocrx_word' id='word_1_370' title='bbox 1883 3948 1951 3996; x_wconf 88' lang='lat'><strong>48</strong></span> <span class='ocrx_word' id='word_1_371' title='bbox 1986 3942 2115 3996; x_wconf 78' lang='lat' dir='ltr'><strong>‘Tro</strong></span> <span class='ocrx_word' id='word_1_372' title='bbox 2198 3960 2224 3995; x_wconf 88' lang='lat' dir='ltr'><strong>s</strong></span> <span class='ocrx_word' id='word_1_373' title='bbox 2255 3942 2571 4011; x_wconf 77' lang='lat' dir='ltr'><strong>Pompeiae,</strong></span> 
     </span>
     <span class='ocr_line' id='line_1_42' title="bbox 271 3960 2571 4086; baseline -0.001 -18"><span class='ocrx_word' id='word_1_374' title='bbox 271 4015 576 4070; x_wconf 87' lang='lat' dir='ltr'><strong>Suetonius</strong></span> <span class='ocrx_word' id='word_1_375' title='bbox 613 4016 682 4069; x_wconf 88' lang='lat' dir='ltr'><strong>de</strong></span> <span class='ocrx_word' id='word_1_376' title='bbox 720 4016 894 4086; x_wconf 82' lang='lat' dir='ltr'><strong>gestis</strong></span> <span class='ocrx_word' id='word_1_377' title='bbox 942 4016 1238 4069; x_wconf 88' lang='lat' dir='ltr'><strong>duodecim</strong></span> <span class='ocrx_word' id='word_1_378' title='bbox 1277 4015 1566 4082; x_wconf 76' lang='lat' dir='ltr'><strong>Cesaram,</strong></span> <span class='ocrx_word' id='word_1_379' title='bbox 1605 4015 1792 4069; x_wconf 87' lang='lat' dir='ltr'><strong>Gneus</strong></span> <span class='ocrx_word' id='word_1_380' title='bbox 1834 4014 2053 4082; x_wconf 83' lang='lat' dir='ltr'><strong>Florus,</strong></span> <span class='ocrx_word' id='word_1_381' title='bbox 2099 3960 2355 4067; x_wconf 43' lang='lat' dir='ltr'><strong>&amp;fiel-ius</strong></span> <span class='ocrx_word' id='word_1_382' title='bbox 2394 4012 2571 4066; x_wconf 82' lang='lat' dir='ltr'><strong>Maxi·</strong></span> 
     </span>
     <span class='ocr_line' id='line_1_43' title="bbox 271 4086 2005 4156; baseline -0.001 -16"><span class='ocrx_word' id='word_1_383' title='bbox 271 4104 419 4154; x_wconf 84' lang='lat' dir='ltr'><strong>mus,</strong></span> <span class='ocrx_word' id='word_1_384' title='bbox 454 4086 796 4156; x_wconf 84' lang='lat' dir='ltr'><strong>Pomponius</strong></span> <span class='ocrx_word' id='word_1_385' title='bbox 835 4087 999 4140; x_wconf 85' lang='lat' dir='ltr'><strong>Mela.</strong></span> <span class='ocrx_word' id='word_1_386' title='bbox 1029 4086 1166 4140; x_wconf 89' lang='lat' dir='ltr'><strong>haec</strong></span> <span class='ocrx_word' id='word_1_387' title='bbox 1205 4087 1394 4139; x_wconf 87' lang='lat' dir='ltr'><strong>omnia</strong></span> <span class='ocrx_word' id='word_1_388' title='bbox 1431 4086 1488 4139; x_wconf 87' lang='lat' dir='ltr'><strong>in</strong></span> <span class='ocrx_word' id='word_1_389' title='bbox 1527 4103 1638 4139; x_wconf 89' lang='lat' dir='ltr'><strong>uno</strong></span> <span class='ocrx_word' id='word_1_390' title='bbox 1678 4086 2005 4139; x_wconf 88' lang='lat' dir='ltr'><strong>uolumine’.</strong></span> 
     </span>
    </p>

    <p class='ocr_par' dir='ltr' id='par_1_10' title="bbox 268 4154 2569 4299">
     <span class='ocr_line' id='line_1_44' title="bbox 453 4154 2568 4227; baseline -0.002 -15"><span class='ocrx_word' id='word_1_391' title='bbox 453 4164 506 4227; x_wconf 76' lang='lat'><strong>6)</strong></span> <span class='ocrx_word' id='word_1_392' title='bbox 544 4158 602 4211; x_wconf 91' lang='lat' dir='ltr'><strong>L.</strong></span> <span class='ocrx_word' id='word_1_393' title='bbox 634 4157 861 4225; x_wconf 79' lang='lat' dir='ltr'><strong>Delisle,</strong></span> <span class='ocrx_word' id='word_1_394' title='bbox 889 4158 1204 4212; x_wconf 86' lang='lat' dir='ltr'><strong>Inventaire</strong></span> <span class='ocrx_word' id='word_1_395' title='bbox 1235 4158 1332 4211; x_wconf 82' lang='lat' dir='ltr'><strong>des</strong></span> <span class='ocrx_word' id='word_1_396' title='bbox 1361 4176 1491 4210; x_wconf 80' lang='lat' dir='ltr'><strong>mse.</strong></span> <span class='ocrx_word' id='word_1_397' title='bbox 1522 4158 1590 4210; x_wconf 92' lang='lat' dir='ltr'><strong>de</strong></span> <span class='ocrx_word' id='word_1_398' title='bbox 1620 4157 1679 4210; x_wconf 89' lang='lat' dir='ltr'><strong>la</strong></span> <span class='ocrx_word' id='word_1_399' title='bbox 1707 4156 1850 4210; x_wconf 90' lang='lat' dir='ltr'><strong>Bibl.</strong></span> <span class='ocrx_word' id='word_1_400' title='bbox 1881 4156 2029 4225; x_wconf 89' lang='lat' dir='ltr'><strong>Nat.,</strong></span> <span class='ocrx_word' id='word_1_401' title='bbox 2068 4156 2251 4209; x_wconf 89' lang='lat' dir='ltr'><strong>Fonds</strong></span> <span class='ocrx_word' id='word_1_402' title='bbox 2292 4155 2359 4207; x_wconf 91' lang='lat' dir='ltr'><strong>de</strong></span> <span class='ocrx_word' id='word_1_403' title='bbox 2391 4154 2568 4223; x_wconf 64' lang='lat' dir='ltr'><strong>clun)-</strong></span> 
     </span>
     <span class='ocr_line' id='line_1_45' title="bbox 268 4226 2569 4299; baseline -0.001 -18"><span class='ocrx_word' id='word_1_404' title='bbox 268 4229 452 4297; x_wconf 77' lang='lat' dir='ltr'><strong>(Paris</strong></span> <span class='ocrx_word' id='word_1_405' title='bbox 493 4232 651 4299; x_wconf 74' lang='lat'>1881)</span> <span class='ocrx_word' id='word_1_406' title='bbox 689 4248 742 4299; x_wconf 90' lang='lat' dir='ltr'><strong>p.</strong></span> <span class='ocrx_word' id='word_1_407' title='bbox 775 4235 877 4283; x_wconf 80' lang='lat'><strong>339</strong></span> <span class='ocrx_word' id='word_1_408' title='bbox 906 4248 988 4283; x_wconf 87' lang='lat' dir='ltr'><strong>nr.</strong></span> <span class='ocrx_word' id='word_1_409' title='bbox 1019 4236 1086 4284; x_wconf 76' lang='lat'><strong>28</strong></span> <span class='ocrx_word' id='word_1_410' title='bbox 1119 4229 1405 4282; x_wconf 65' lang='lat' dir='ltr'><strong>‘uolumen</strong></span> <span class='ocrx_word' id='word_1_411' title='bbox 1433 4229 1492 4281; x_wconf 86' lang='lat' dir='ltr'><strong>in</strong></span> <span class='ocrx_word' id='word_1_412' title='bbox 1521 4245 1630 4297; x_wconf 90' lang='lat' dir='ltr'><strong>quo</strong></span> <span class='ocrx_word' id='word_1_413' title='bbox 1662 4228 1981 4281; x_wconf 88' lang='lat' dir='ltr'><strong>continetur</strong></span> <span class='ocrx_word' id='word_1_414' title='bbox 2008 4227 2245 4281; x_wconf 84' lang='lat' dir='ltr'><strong>historia</strong></span> <span class='ocrx_word' id='word_1_415' title='bbox 2274 4226 2569 4280; x_wconf 83' lang='lat' dir='ltr'><strong>Suetonii&#39;.</strong></span> 
     </span>
    </p>

    <p class='ocr_par' dir='ltr' id='par_1_11' title="bbox 267 4296 2572 4441">
     <span class='ocr_line' id='line_1_46' title="bbox 457 4296 2567 4371; baseline -0.002 -18"><span class='ocrx_word' id='word_1_416' title='bbox 457 4304 506 4365; x_wconf 89' lang='grc'><strong>7)</strong></span> <span class='ocrx_word' id='word_1_417' title='bbox 547 4300 740 4355; x_wconf 85' lang='lat' dir='ltr'><strong>Catalo</strong></span> <span class='ocrx_word' id='word_1_418' title='bbox 823 4318 852 4354; x_wconf 85' lang='lat' dir='ltr'><strong>e</strong></span> <span class='ocrx_word' id='word_1_419' title='bbox 903 4301 1131 4371; x_wconf 74' lang='lat' dir='ltr'><strong>general</strong></span> <span class='ocrx_word' id='word_1_420' title='bbox 1184 4301 1280 4353; x_wconf 85' lang='lat' dir='ltr'><strong>des</strong></span> <span class='ocrx_word' id='word_1_421' title='bbox 1319 4319 1448 4353; x_wconf 84' lang='lat' dir='ltr'><strong>mss.</strong></span> <span class='ocrx_word' id='word_1_422' title='bbox 1503 4300 1600 4353; x_wconf 83' lang='lat' dir='ltr'><strong>des</strong></span> <span class='ocrx_word' id='word_1_423' title='bbox 1654 4301 2071 4367; x_wconf 65' lang='lat' dir='ltr'><strong>departements</strong></span> <span class='ocrx_word' id='word_1_424' title='bbox 2120 4300 2221 4368; x_wconf 81' lang='lat'>(4⁰)</span> <span class='ocrx_word' id='word_1_425' title='bbox 2266 4298 2379 4351; x_wconf 90' lang='lat' dir='ltr'><strong>uol.</strong></span> <span class='ocrx_word' id='word_1_426' title='bbox 2418 4296 2443 4349; x_wconf 93' lang='grc' dir='ltr'><strong>Ι</strong></span> <span class='ocrx_word' id='word_1_427' title='bbox 2489 4298 2567 4365; x_wconf 86' lang='lat' dir='ltr'><strong>(in</strong></span> 
     </span>
     <span class='ocr_line' id='line_1_47' title="bbox 267 4369 2572 4441; baseline -0.002 -16"><span class='ocrx_word' id='word_1_428' title='bbox 267 4372 586 4440; x_wconf 87' lang='lat' dir='ltr'><strong>appendice</strong></span> <span class='ocrx_word' id='word_1_429' title='bbox 635 4373 730 4425; x_wconf 87' lang='lat' dir='ltr'><strong>ad.</strong></span> <span class='ocrx_word' id='word_1_430' title='bbox 775 4373 926 4426; x_wconf 90' lang='lat' dir='ltr'><strong>ibros</strong></span> <span class='ocrx_word' id='word_1_431' title='bbox 965 4390 1094 4426; x_wconf 82' lang='lat' dir='ltr'><strong>mss.</strong></span> <span class='ocrx_word' id='word_1_432' title='bbox 1145 4370 1687 4441; x_wconf 84' lang='lat' dir='ltr'><strong>Montepessulanos)</strong></span> <span class='ocrx_word' id='word_1_433' title='bbox 1732 4390 1784 4440; x_wconf 92' lang='lat' dir='ltr'><strong>p.</strong></span> <span class='ocrx_word' id='word_1_434' title='bbox 1828 4377 1929 4424; x_wconf 80' lang='lat'><strong>715</strong></span> <span class='ocrx_word' id='word_1_435' title='bbox 1972 4370 2295 4424; x_wconf 76' lang='lat' dir='ltr'><strong>‘Suetonius</strong></span> <span class='ocrx_word' id='word_1_436' title='bbox 2341 4370 2410 4422; x_wconf 89' lang='lat' dir='ltr'><strong>de</strong></span> <span class='ocrx_word' id='word_1_437' title='bbox 2450 4369 2572 4421; x_wconf 86' lang='lat' dir='ltr'><strong>uita</strong></span> 
     </span>
    </p>
   </div>
   <div class='ocr_carea' id='block_1_6' title="bbox 265 4442 2572 4653">
    <p class='ocr_par' dir='ltr' id='par_1_12' title="bbox 265 4442 2572 4653">
     <span class='ocr_line' id='line_1_48' title="bbox 269 4442 1480 4497; baseline -0.002 0"><span class='ocrx_word' id='word_1_438' title='bbox 269 4442 538 4497; x_wconf 85' lang='lat' dir='ltr'><strong>Cesarum</strong></span> <span class='ocrx_word' id='word_1_439' title='bbox 574 4461 684 4497; x_wconf 91' lang='lat' dir='ltr'><strong>uno</strong></span> <span class='ocrx_word' id='word_1_440' title='bbox 721 4443 1007 4497; x_wconf 88' lang='lat' dir='ltr'><strong>uolumine</strong></span> <span class='ocrx_word' id='word_1_441' title='bbox 1047 4448 1104 4497; x_wconf 90' lang='lat' dir='ltr'><strong>et</strong></span> <span class='ocrx_word' id='word_1_442' title='bbox 1141 4443 1300 4495; x_wconf 86' lang='lat' dir='ltr'><strong>libris</strong></span> <span class='ocrx_word' id='word_1_443' title='bbox 1339 4442 1480 4496; x_wconf 88' lang='lat' dir='ltr'>XII’.</span> 
     </span>
     <span class='ocr_line' id='line_1_49' title="bbox 454 4510 2572 4584; baseline -0.001 -17"><span class='ocrx_word' id='word_1_444' title='bbox 454 4519 508 4584; x_wconf 92' lang='lat'><strong>8)</strong></span> <span class='ocrx_word' id='word_1_445' title='bbox 546 4514 818 4569; x_wconf 83' lang='lat' dir='ltr'><strong>Manitius</strong></span> <span class='ocrx_word' id='word_1_446' title='bbox 854 4514 956 4569; x_wconf 85' lang='lat'><strong>1.1.</strong></span> <span class='ocrx_word' id='word_1_447' title='bbox 987 4533 1040 4583; x_wconf 86' lang='lat' dir='ltr'><strong>p.</strong></span> <span class='ocrx_word' id='word_1_448' title='bbox 1074 4521 1136 4568; x_wconf 90' lang='grc'><strong>71</strong></span> <span class='ocrx_word' id='word_1_449' title='bbox 1180 4514 1530 4581; x_wconf 83' lang='lat' dir='ltr'><strong>(Rochester,</strong></span> <span class='ocrx_word' id='word_1_450' title='bbox 1569 4512 1934 4581; x_wconf 82' lang='lat' dir='ltr'><strong>Canterbury,</strong></span> <span class='ocrx_word' id='word_1_451' title='bbox 1976 4512 2389 4579; x_wconf 78' lang='lat' dir='ltr'><strong>Neumiinster).</strong></span> <span class='ocrx_word' id='word_1_452' title='bbox 2456 4510 2572 4565; x_wconf 85' lang='lat' dir='ltr'><strong>alia</strong></span> 
     </span>
     <span class='ocr_line' id='line_1_50' title="bbox 265 4584 2131 4653; baseline -0.001 -15"><span class='ocrx_word' id='word_1_453' title='bbox 265 4602 417 4653; x_wconf 84' lang='lat' dir='ltr'><strong>quae</strong></span> <span class='ocrx_word' id='word_1_454' title='bbox 457 4586 528 4639; x_wconf 85' lang='lat' dir='ltr'><strong>ab</strong></span> <span class='ocrx_word' id='word_1_455' title='bbox 568 4587 764 4640; x_wconf 89' lang='lat' dir='ltr'><strong>eodem</strong></span> <span class='ocrx_word' id='word_1_456' title='bbox 801 4590 1182 4640; x_wconf 88' lang='lat' dir='ltr'><strong>memorantur</strong></span> <span class='ocrx_word' id='word_1_457' title='bbox 1220 4587 1292 4638; x_wconf 91' lang='lat' dir='ltr'><strong>ad</strong></span> <span class='ocrx_word' id='word_1_458' title='bbox 1331 4586 1659 4639; x_wconf 87' lang='lat' dir='ltr'><strong>Suetonium</strong></span> <span class='ocrx_word' id='word_1_459' title='bbox 1696 4585 1793 4637; x_wconf 84' lang='lat' dir='ltr'><strong>uix</strong></span> <span class='ocrx_word' id='word_1_460' title='bbox 1831 4584 2131 4653; x_wconf 87' lang='lat' dir='ltr'><strong>pertinent.</strong></span> 
     </span>
    </p>
   </div>
  </div>
 </body>
</html>
