3259 5209
1065 438 1283 493 DIVVS
1319 439 1557 494 IVLIVS
1598 450 1733 500 [cn.
1764 453 1939 501 20—231
2570 444 2647 505 ll

533 600 766 667 Socero
831 602 1034 688 igitur
1095 623 1458 688 generoque
1527 603 2030 689 suffragantibus
2102 624 2183 667 ex
2256 605 2433 668 omni
2504 626 2651 689 pro·
2672 604 2757 670 22

350 708 708 772 uinciarum
748 710 936 792 copia
973 706 1211 774 Gallias
1249 710 1661 794 potissimum
1700 708 1915 795 elegit,
1960 709 2181 775 “cuius
2218 709 2651 775 emolumento

354 819 418 879 et
481 816 920 900 oportunitate
981 816 1211 881 idonea
1275 817 1360 881 sit
1424 816 1693 881 materia
1756 817 2252 901 triumphorum.
2353 821 2418 881 et
2463 818 2649 883 initio

355 920 614 1005 quidem
663 919 939 985 Galliam
987 920 1380 1007 Cisalpinam
1426 922 1691 1007 Illyrico
1742 923 1991 987 adiecto
2046 924 2189 1009 lege
2237 923 2501 988 Vatinia
2554 946 2650 989 ac-

296 1052 324 1089 5
353 1028 550 1112 cepit3
613 1048 768 1091 mox
821 1050 937 1113 per
991 1034 1282 1095 senatum
1340 1028 1675 1094 Comatam
1732 1051 2015 1114 quoque,
2078 1031 2303 1095 ueritis
2358 1031 2649 1114 patribus

352 1156 434 1197 ne
443 1184 460 1215 ,
521 1134 578 1197 si
639 1136 762 1217 ipsi
820 1139 1188 1220 negassent,
1247 1138 1530 1221 populus
1591 1140 1658 1201 et
1715 1138 1883 1201 hanc
1936 1137 2131 1201 daret.
2225 1159 2353 1221 quo
2415 1137 2649 1222 gaudio
2688 1157 2719 1203 2

353 1241 558 1305 elatus
605 1262 738 1305 non
781 1241 1192 1325 temperam‘t,
1240 1244 1398 1325 quin
1443 1264 1685 1327 paucos
1732 1247 1883 1326 post
1927 1244 2063 1307 dies
2109 1244 2430 1328 frequenti
2476 1245 2653 1309 curia

354 1350 646 1430 iactaret,
711 1347 937 1412 inuitis
998 1353 1063 1412 et
1122 1350 1528 1433 gementibus
1590 1349 1945 1414 aduersaris
2006 1350 2309 1433 adeptum
2366 1374 2434 1415 se
2489 1373 2651 1434 quae

356 1455 788 1537 concupisset,
841 1455 1109 1539 proinde
1165 1477 1244 1519 ex
1300 1477 1376 1519 eo
1431 1458 1889 1521 insultaturum
1957 1458 2245 1521 omnium
2300 1457 2651 1542 capitibus3

269 1582 327 1623 ιο
355 1582 427 1625 ac
479 1565 757 1647 negante
821 1561 1097 1644 quodam
1163 1584 1279 1645 per
1337 1563 1792 1628 contumeliam
1858 1564 2047 1628 facile
2100 1564 2225 1628 hoc
2288 1564 2407 1629 ulli
2470 1566 2649 1628 femi-

352 1689 472 1731 nae
535 1668 700 1752 fore,
772 1668 1177 1751 responderit
1240 1670 1426 1753 quasi
1497 1669 1837 1733 adludens:
1912 1672 1987 1733 in
2055 1669 2277 1735 Suria
2350 1693 2650 1755 quoque

353 1796 714 1860 regnasse
763 1774 1232 1839 Sameramin
1275 1798 1771 1862 magnamque
1820 1776 2048 1842 Asiae
2093 1781 2387 1861 partem
2433 1777 2650 1844 Ama-

353 1903 580 1945 zonas
627 1883 970 1946 tenuisse
1017 1882 1412 1965 quondam.

533 1987 818 2053 Functus
857 1990 1194 2053 consulatu
1233 1987 1394 2054 Gaio
1433 1988 1739 2054 Memmio
1777 1989 2105 2075 Lucioque
2143 1991 2431 2056 Domitio
2468 2014 2647 2076 prae-
2666 1989 2755 2055 23

270 2116 326 2155 ιε
353 2094 606 2159 toribus
681 2093 758 2159 de
833 2095 1182 2179 superioris
1255 2095 1406 2159 anni
1479 2096 1642 2161 actis
1715 2097 2139 2162 referentibus
2215 2098 2649 2183 cognitionem

355 2202 606 2267 senatui
670 2200 927 2285 detulit3
998 2222 1118 2265 nec
1185 2201 1298 2267 illo
1373 2204 1761 2286 suscipiente
1834 2204 2176 2287 triduoque
2248 2226 2365 2289 per
2426 2206 2651 2269 inritas

355 2302 801 2373 altercationes
839 2308 1180 2393 absumpto
1219 2310 1288 2374 in
1324 2310 1727 2393 prouinciam
1766 2310 1925 2375 abiit
1998 2316 2062 2374 et
2101 2312 2320 2376 statim
2352 2316 2653 2395 quaestor

355 2415 492 2478 eius
549 2414 617 2478 in
672 2414 1136 2498 praeiudicium
1193 2415 1445 2498 aliquot
1500 2415 1879 2480 criminibus
1940 2422 2233 2502 arreptus
2288 2422 2403 2482 est.
2499 2441 2652 2483 mox

355 2524 420 2585 et
468 2521 604 2606 ipse
658 2543 696 2584 a
740 2520 942 2586 Lucio
990 2519 1279 2585 Antistio
1336 2526 1414 2585 tr.
1461 2523 1548 2607 pl.
1596 2525 1963 2606 postulatus
2020 2524 2345 2608 appellato
2393 2526 2650 2590 demum

271 2646 328 2686 ιο
356 2627 629 2711 collegio
696 2628 1007 2711 optinuit,
1073 2650 1218 2692 cum
1285 2630 1378 2692 rei
1442 2629 1737 2714 publicae
1786 2652 1993 2708 ,causa
2052 2632 2302 2696 abesset
2358 2654 2507 2695 reus
2572 2653 2651 2696 ne

356 2736 556 2797 fieret.
648 2734 730 2797 ad
785 2734 1190 2799 securitatem
1247 2756 1397 2819 ergo
1463 2736 1708 2819 posteri
1762 2738 2072 2821 temporis
2130 2738 2197 2801 in
2252 2760 2485 2824 magno
2543 2761 2649 2803 ne-
2689 2753 2719 2800 2

359 2840 538 2924 gotio
585 2840 812 2905 habuit
859 2841 1146 2925 obligare
1193 2862 1445 2926 semper
1491 2864 1737 2906 annuos
1788 2844 2199 2929 magistratus
2248 2849 2312 2907 et
2348 2867 2381 2907 e
2419 2846 2650 2928 petito·

358 2947 537 3011 ribus
599 2968 734 3011 non
804 2947 964 3011 alios
1037 2948 1338 3013 adiuuare
1405 2953 1517 3012 aut
1579 2947 1659 3012 ad
1723 2949 2033 3015 honorem
2099 2952 2234 3035 pati
2299 2952 2651 3035 peruenire,

359 3075 551 3137 quam
616 3056 729 3137 qui
788 3053 911 3118 sibi
979 3054 1368 3138 recepissent
1435 3061 1955 3141 propugnaturos
2022 3057 2375 3121 absentiam
2442 3080 2650 3141 suam3

499 3252 532 3298 4
570 3247 638 3312 ef.
671 3246 906 3316 Eutrop.
941 3248 1028 3301 VI
1049 3252 1140 3313 17,
1163 3253 1194 3300 1
1234 3247 1460 3301 decreta
1499 3251 1587 3302 est
1624 3247 1675 3301 ei
1706 3248 1894 3303 Gallia
1922 3252 1979 3303 et
2005 3249 2291 3318 Illyricum
2321 3268 2447 3304 cum
2474 3251 2649 3321 legio-

354 3326 522 3380 nibus
561 3326 754 3380 decem
791 3327 882 3395 (cf.
917 3344 972 3395 p.
1005 3332 1092 3393 15,
1110 3332 1185 3381 27
1201 3330 1315 3397 ες).
1381 3328 1527 3383 Oros.
1565 3329 1648 3381 VI
1676 3334 1723 3395 7,
1757 3335 1784 3382 1

499 3520 529 3566 2
579 3512 824 3568 Galliam
863 3516 1096 3583 Bentley
1241 3514 1422 3586 cuius]
1462 3532 1608 3583 quae
1646 3518 1703 3569 et
1742 3518 1999 3586 Bentley,
2036 3534 2182 3584 quae
2220 3517 2329 3571 sibi
2368 3519 2652 3587 Kiesslinq

355 3595 509 3662 apud
536 3595 688 3647 Behr
714 3594 822 3649 obs.
853 3594 916 3646 in
947 3594 1096 3649 Caes.
1125 3595 1239 3647 III
1261 3612 1318 3662 p.
1349 3598 1384 3647 3
1414 3596 1498 3663 (de
1527 3597 1659 3650 aliis
1684 3599 2009 3651 coniecturis
2043 3615 2097 3651 u.
2129 3599 2204 3651 ad
2233 3600 2265 3652 l.
2288 3600 2343 3666 3)
2488 3604 2519 3650 3
2552 3598 2649 3668 sit]

355 3674 421 3727 fit
448 3674 665 3729 LPOT
686 3676 819 3742 (non
846 3674 926 3743 8),
963 3673 1072 3727 sibi
1102 3677 1250 3728 esset
1275 3676 1363 3730 uel
1389 3675 1549 3728 fieret
1577 3676 1835 3731 B.-Orus.
1982 3684 2150 3732 totum
2180 3678 2353 3732 locu-m
2381 3678 2560 3746 (cuius
2579 3710 2650 3717 —

353 3753 616 3823 materia)
661 3756 819 3809 uarie
865 3760 1290 3822 temptauerunt:
1339 3754 1497 3807 cuius
1549 3755 1929 3809 emolumenta
1970 3761 2027 3810 et
2072 3758 2481 3826 oportunitates
2528 3758 2647 3811 ido-

357 3849 464 3888 nea
500 3833 616 3888 sint
648 3834 888 3888 materia
936 3835 1186 3899 Gasaub„
1223 3836 1358 3889 tunc
1404 3838 1462 3888 et
1506 3835 1882 3890 emolumento
1921 3839 1978 3889 et
2015 3855 2063 3891 0.
2112 3837 2343 3891 idoneas
2381 3838 2650 3892 materiae

353 3914 404 3967 Ι.
425 3914 498 3967 F.
523 3914 778 3980 Gronov„
825 3914 1006 3969 cuiuis
1052 3914 1428 3969 emolumento
1466 3918 1524 3969 et
1559 3931 1607 3968 0.
1648 3916 1879 3970 idoneas
1916 3920 1975 3971 et
2010 3917 2141 3985 (sibi
2172 3934 2277 3986 pro
2307 3921 2364 3972 et
2396 3919 2649 3989 Madvig)

353 3993 595 4047 materia
632 3996 680 4047 I.
698 3994 935 4049 Gronov.
976 3995 1282 4065 (Madviq),
1320 3996 1520 4063 quouis
1559 3995 1937 4049 emolumento
1977 4000 2034 4051 et
2079 4014 2127 4051 0.
2168 3998 2399 4052 idoneas
2446 3999 2556 4052 sibi
2594 4002 2653 4052 et

355 4074 653 4128 materiam
689 4074 894 4139 Polak,
931 4075 1093 4129 aliter
1130 4076 1234 4129 alii
1387 4080 1418 4127 4
1457 4075 1731 4128 uaticinia
1768 4078 1905 4131 L¹P
1917 4077 2037 4142 OS,
2082 4078 2334 4131 uaticina
2363 4080 2398 4131 ὃ
2436 4080 2489 4147 (i.
2522 4096 2650 4147 pro-

354 4152 575 4222 phetali
610 4152 900 4222 proprium
927 4154 1070 4223 legis
1109 4154 1260 4223 apud
1295 4172 1554 4209 romanos
1593 4172 1661 4210 ss.
1685 4156 1757 4209 M
1763 4156 1798 4222 ²,
1835 4174 2035 4211 rasura
2072 4175 2245 4225 supra
2284 4159 2540 4229 uatium),
2577 4160 2646 4225 cf.

349 4251 406 4302 p.
439 4238 528 4299 15,
551 4238 620 4287 10
773 4239 805 4286 8
843 4232 1210 4288 frementibus
1247 4236 1602 4290 Halbertsma
1758 4242 1819 4289 11
1859 4238 2154 4305 respondit
2200 4258 2229 4304 ρ
2278 4239 2483 4307 aliique
2519 4257 2649 4306 rec,

355 4313 720 4382 responderet
746 4330 780 4371 ς
809 4314 1010 4382 (Torr.)
1157 4315 1308 4383 syria
1339 4314 1612 4381 M2602,
1653 4315 1787 4369 siria
1825 4316 1983 4381 L’T,
2023 4317 2240 4386 assyria
2274 4322 2323 4371 Τ
2466 4325 2529 4371 12
2561 4336 2649 4373 sa·

357 4391 629 4447 meramin
671 4394 744 4448 M
757 4393 791 4460 ¹,
847 4394 1170 4448 samiramin
1215 4397 1288 4449 M
1299 4396 1334 4461 ²,
1399 4395 1744 4449 samiramim
1785 4398 1901 4464 Va,
1957 4396 2299 4451 semiramim
2356 4400 2463 4467 (uel
2517 4416 2649 4466 -em,

355 4476 473 4541 —en)
509 4474 602 4528 rel.
750 4480 815 4527 21
863 4475 1092 4544 negotio
1141 4476 1240 4529 del.
1283 4476 1518 4543 Gujetus
1662 4482 1730 4529 24
1767 4476 2117 4546 pepigissent
2145 4482 2203 4531 X
2233 4480 2407 4549 (ylosa
2446 4479 2483 4533 i.
2521 4498 2648 4548 pro-

355 4554 642 4608 misissent
687 4555 862 4609 adscr.
905 4554 1018 4621 Μ’,
1055 4556 1182 4609 inde
1218 4556 1608 4624 promisissent
1642 4556 1736 4609 uel
1774 4559 2116 4627 recepissent
2154 4563 2205 4623 δ)
