3259 5209
1124 415 1577 472 DOMITIANVS
1616 427 1748 478 [cn.
1781 428 1954 478 15—1'1]
2552 413 2682 478 349

384 585 845 646 cruentaret
872 581 1311 664 factumque
1341 564 1656 664 aliquod
1687 580 2084 663 existeret,
2121 578 2210 644 de
2247 599 2392 664 quo
2421 579 2684 662 loque-

390 693 659 752 rentur
686 687 1029 752 homines
1057 709 1189 771 per
1215 692 1593 752 terrarum
1624 685 1898 750 orbem.
1964 690 2032 750 at
2051 687 2222 751 circa
2245 685 2518 750 mediam
2540 705 2686 749 noc-

392 799 523 859 tem
552 796 645 858 ita
672 798 772 859 est
799 795 1163 878 exterritus,
1200 799 1273 858 ut
1300 816 1335 856 e
1373 797 1575 858 strato
1610 795 1950 878 prosiliret.
2030 792 2258 858 dehinc
2289 813 2473 857 mane
2499 791 2688 856 haru-

394 902 635 986 spicem
674 925 751 966 ex
798 899 1137 966 Germania
1182 903 1471 984 missum,
1518 900 1633 983 qui
1678 899 2009 965 consultus
2057 899 2134 964 de
2181 898 2436 984 fulgure
2484 903 2687 963 muta-

328 1033 365 1074 s
394 1009 635 1072 tionem
658 1029 869 1072 rerum
898 1007 1316 1092 praedixerat,
1346 1006 1549 1071 audiit
1568 1007 2163 1090 condemnauitque.
2239 1027 2312 1070 ac
2333 1005 2484 1070 dum
2513 1004 2688 1070 exul·
2726 1022 2758 1069 2

395 1120 671 1180 ceratam
701 1117 769 1178 in
804 1115 1016 1180 fronte
1046 1136 1377 1178 uerrucam
1408 1113 1848 1178 uehementius
1878 1112 2128 1197 scalpit,
2160 1112 2518 1197 profluente
2547 1133 2688 1176 san-

396 1223 614 1308 guine:
661 1221 981 1305 utinam,
1018 1221 1248 1305 inquit,
1292 1220 1682 1285 hactenus.
1757 1225 1913 1284 tunc
1948 1219 2142 1284 horas
2179 1219 2531 1303 requirenti
2567 1241 2685 1302 pro

396 1330 641 1413 quinta,
687 1349 879 1411 quam
929 1327 1271 1410 metuebat,
1325 1332 1505 1392 sexta
1550 1349 1626 1391 ex
1677 1326 1994 1392 industria
2037 1328 2335 1390 nuntiata
2380 1331 2493 1392 est.
2587 1325 2687 1390 his

398 1433 581 1500 uelut
633 1439 958 1499 trmsacto
1015 1437 1143 1499 iam
1198 1433 1482 1519 periculo
1542 1433 1785 1498 laetum
1839 1433 2380 1517 festinantemque
2427 1433 2506 1496 ad
2555 1453 2688 1497 cor-

310 1569 373 1610 m
399 1543 575 1626 poris
600 1563 819 1606 curam
838 1539 1224 1606 Parthenius
1253 1540 1551 1606 cubiculo
1583 1542 1987 1624 praepositus
2018 1543 2358 1624 conuertit,
2384 1542 2690 1605 nuntians

398 1670 537 1714 esse
585 1649 697 1733 qui
734 1669 1041 1734 magnum
1080 1649 1292 1713 nescio
1332 1647 1490 1732 quid
1527 1647 1770 1732 afferet,
1815 1667 1931 1711 nec
1967 1646 2399 1712 differendem.
2475 1648 2692 1730 itaque

400 1755 743 1819 summotis
809 1755 1108 1819 omnibus
1165 1755 1230 1817 in
1288 1753 1658 1820 cubiculum
1717 1776 1783 1819 se
1839 1755 2080 1838 recepit
2133 1759 2328 1838 atque
2382 1753 2476 1819 ibi
2532 1754 2692 1817 occi-

401 1883 509 1927 sus
555 1865 669 1924 est.

578 1967 677 2031 De
722 1968 1099 2032 insidiarum
1147 1968 1485 2051 caedisque
1522 1989 1756 2053 genere
1791 1967 1948 2032 haec
1983 1968 2114 2032 fere
2154 1968 2488 2052 diuulgata
2527 1972 2692 2032 sunt.
2711 1963 2795 2030 17

318 2101 376 2142 ιι
404 2074 855 2140 cunctantibus
901 2075 1311 2159 conspiratiS,
1368 2075 1623 2159 quando
1681 2078 1747 2139 et
1792 2096 1920 2159 quo
1969 2075 2180 2157 mod0,
2226 2074 2291 2139 id
2338 2079 2434 2138 est
2479 2074 2694 2138 lauan-

404 2187 617 2246 temne
655 2204 735 2246 an
774 2186 1105 2246 cenantem
1144 2181 1664 2266 adgrederentur,
1711 2179 2094 2265 Stephanu8‚
2141 2180 2514 2246 Domitillae
2552 2201 2696 2264 pro-

404 2291 661 2354 curator
734 2292 800 2353 et
866 2293 1022 2353 tuuc
1082 2289 1579 2372 interceptarum
1643 2289 2062 2372 pecuniarum
2121 2309 2290 2370 reuS,
2353 2288 2692 2353 consilium

405 2417 789 2480 operamque
838 2395 1091 2460 obtulit.
1184 2418 1258 2460 ac
1306 2394 1706 2460 sinisteriore
1751 2394 2015 2459 brachio
2064 2397 2244 2460 uelut
2291 2416 2483 2481 aegro
2529 2395 2697 2460 lanis

404 2503 749 2586 fasciisque
806 2524 923 2588 per
977 2503 1224 2586 aliquot
1281 2503 1417 2566 dies
1478 2502 1556 2566 ad
1621 2502 2034 2567 auertendam
2095 2503 2528 2587 suspicionem
2589 2503 2698 2566 ob·

316 2635 377 2676 to
404 2609 651 2693 uolut0,
714 2609 832 2674 sub
900 2610 1105 2693 ipsam
1172 2610 1399 2675 horam
1458 2609 1758 2673 dolonem
1819 2609 2167 2693 interiecit3
2241 2610 2698 2694 professusque

406 2843 443 2886 a
498 2843 566 2886 se
620 2821 913 2887 libellum
970 2827 1033 2886 et
1088 2821 1365 2887 attonito
1422 2821 1690 2886 suffodit
1745 2823 2026 2907 inguina.
2130 2824 2417 2886 saucium
2476 2844 2550 2887 ac
2604 2844 2698 2886 re·
2736 2836 2768 2883 2

405 2934 798 3014 pugnantem
856 2930 1067 2994 adorti
1129 2927 1475 2993 Clodianus
1534 2928 1996 2994 cornicularius
2052 2934 2117 2994 et
2172 2927 2498 2993 Maximus
2553 2927 2700 2992 Par-

406 3033 589 3100 theni
643 3035 914 3100 libertus
975 3041 1041 3100 et
1086 3035 1281 3100 Satur
1335 3037 1593 3101 decurio
1657 3036 2198 3101 cubiculariorum
2247 3039 2312 3099 et
2359 3033 2618 3119 quidam
2668 3059 2702 3100 e

322 3167 382 3209 π
409 3140 793 3228 gladiatorio
838 3143 992 3206 ludo
1040 3141 1417 3207 uulneribus
1458 3147 1702 3226 septem
1741 3143 2284 3207 contrucidarunt.
2366 3164 2542 3226 puer,
2591 3145 2702 3226 qui

412 3269 601 3313 curae
637 3249 875 3314 Larum
914 3248 1196 3314 cubiculi
1234 3272 1312 3313 ex
1351 3249 1814 3314 consuetudine
1851 3252 2156 3314 assistens
2187 3249 2480 3314 interfuit
2508 3251 2702 3332 caedi,

410 3355 535 3420 hoc
599 3355 875 3440 amplius
922 3356 1249 3436 narrabat,
1312 3359 1557 3420 iussum
1624 3379 1691 3420 se
1757 3379 1794 3420 a
1839 3353 2214 3420 Domitiano
2280 3357 2360 3420 ad
2423 3358 2702 3441 primum

557 3607 639 3656 10.
672 3607 756 3656 16.
785 3607 851 3654 23
881 3603 1038 3671 Epic.
1068 3608 1154 3663 11,
1174 3608 1241 3656 11
1271 3601 1667 3671 impulsoribus
1696 3602 1995 3656 Parthenio
2025 3605 2358 3672 procurante
2387 3601 2704 3656 cubiculum

408 3685 469 3736 et
508 3682 791 3751 Stephano
840 3686 897 3736 et
940 3686 1061 3736 tum
1100 3682 1171 3736 ob
1218 3683 1472 3736 fraudem
1520 3684 1866 3752 interceptae
1911 3683 2182 3751 pecuniae
2234 3681 2570 3752 supplicium
2617 3701 2706 3736 su-

412 3765 700 3832 spectante
731 3762 999 3817 Clodiano
1030 3767 1129 3832 (sic
1154 3765 1319 3818 etiam
1339 3765 1621 3830 Landolf.)
1813 3769 1880 3816 25
1919 3765 2076 3830 Epit.
2109 3769 2192 3827 11,
2223 3769 2295 3816 12
2323 3763 2704 3816 Domitianum

410 3842 605 3896 multis
641 3843 967 3898 uulneribus
1006 3843 1350 3897 confodiunt.
1975 3845 1984 3856 ‘

558 4080 589 4127 2
627 4075 701 4128 ad
737 4075 886 4129 circa
915 4075 997 4138 M,
1030 4074 1103 4128 ad
1136 4077 1405 4130 Graetuus
1433 4077 1505 4129 al.
1649 4081 1680 4127 3
1719 4074 2026 4144 prosilierit
2055 4075 2284 4145 Bentley
2430 4081 2494 4129 15
2535 4074 2594 4129 id
2623 4078 2707 4129 est

410 4154 517 4210 del.
557 4156 781 4220 Burm„
824 4155 962 4209 item
1000 4157 1230 4210 Ernesti
1393 4160 1457 4208 16
1496 4156 1591 4226 an]
1633 4159 1732 4208 aut
1764 4157 1877 4222 ις,
1918 4171 1950 4208 a
1988 4156 2038 4209 T
2195 4159 2257 4207 19
2299 4154 2566 4209 obuoluto
2604 4156 2706 4210 sub

420 4235 469 4290 G
499 4235 871 4304 (Salmasius),
912 4235 1277 4290 obuolutamb
1309 4236 1381 4288 M
1389 4237 1448 4302 δ,
1489 4235 1758 4289 obuoluto
1796 4236 1854 4288 in
1893 4239 1970 4300 X,
2018 4235 2286 4289 obuoluto
2325 4235 2396 4289 ad
2431 4239 2480 4288 Τ
2515 4237 2706 4306 (may.)

416 4319 485 4368 20
522 4315 781 4369 dolonem
812 4317 1127 4381 Ferrarius,
1158 4316 1349 4368 dolum
1378 4318 1447 4381 Ω,
1486 4314 1615 4368 dolo
1648 4319 1681 4370 δ
1825 4321 1893 4368 24
1933 4318 1989 4368 et
2018 4318 2172 4368 satur
2205 4317 2308 4382 Ge,
2347 4319 2432 4369 est
2467 4317 2526 4369 et
2554 4319 2710 4368 satur

418 4395 609 4461 MLP,
648 4397 733 4449 est
769 4397 826 4448 et
864 4396 1104 4449 saturius
1138 4397 1199 4460 Ο,
1238 4397 1295 4449 et
1332 4396 1573 4449 saturius
1608 4394 1680 4448 ‘P'
1711 4395 1896 4465 (edd.):
1950 4396 2091 4448 idem
2127 4402 2190 4449 ut
2225 4397 2448 4450 uidetur
2484 4395 2708 4465 Sigerus

412 4482 647 4530 uocatur
698 4477 853 4544 apud
900 4475 1134 4529 Dionem
1176 4482 1262 4540 67,
1296 4481 1362 4529 15
1404 4477 1476 4530 al.
1732 4481 1798 4528 26
1857 4493 1985 4529 arae
2043 4475 2271 4530 Ernesti
2317 4478 2519 4546 (Roth),
2577 4493 2710 4530 cura

416 4555 477 4610 Ο.
503 4556 569 4610 G.
593 4555 797 4610 Midam·
1011 4573 1173 4608 curae
1220 4556 1422 4609 larium
1470 4555 1742 4609 cubiculis
1782 4557 1911 4625 HQ,
1960 4555 2425 4610 cubiculariorum
2474 4556 2646 4610 cubili
2677 4577 2709 4624 ρ
