3259 5209
579 309 711 372 272
1274 307 1331 363 C.
1375 307 1691 362 SVE'I'ONI
1727 306 2172 372 TRANQVILLI
2236 364 2240 368 ,

581 472 723 537 dem
760 473 903 537 loco
943 492 1248 556 pangere3
1295 475 1362 534 et
1399 470 1806 535 obseruatum
1846 474 1944 534 est
1990 469 2110 534 sub
2150 470 2459 553 cuiusque
2496 469 2745 534 obitum
2784 490 2881 532 ar·

577 578 800 643 borem
847 577 926 642 ab
967 578 1108 661 ipso
1149 577 1508 642 institutam
1551 577 1929 660 elanguisse.
2014 598 2168 662 ergo
2206 575 2562 640 nouissimo
2599 575 2883 639 Neronis

578 706 745 747 anno
771 690 861 748 -et
897 685 1061 748 silua
1107 684 1316 748 omnis
1355 684 1607 749 exaruit
1644 683 1969 760 radicitus,
2017 687 2081 747 et
2118 681 2433 766 quidquid
2473 682 2566 746 ibi
2613 683 2883 768 gallina-

577 813 722 855 rum
769 795 906 856 erat
951 790 1214 855 interiit.
1297 812 1370 854 ac
1427 789 1696 854 subinde
1743 793 1916 854 tacta
1969 790 2047 853 de
2104 789 2277 854 caelo
2332 787 2677 852 Caesarum
2724 788 2885 852 aede

581 899 792 982 capita
839 897 1136 962 omnibus
1185 898 1379 961 simul
1424 897 1657 965 statuis
1705 896 2094 980 deciderunt,
2134 895 2422 981 'Augusti
2464 896 2659 959 etiam
2706 917 2885 978 scep-
2942 921 2967 959 ε

576 1008 747 1069 trum
796 1027 830 1068 e
879 1002 1174 1068 manibus
1220 1025 1556 1068 excussum
1603 1008 1715 1066 est.

504 1109 548 1176 2
753 1110 1001 1175 Neroni
1045 1109 1250 1175 Galba
1271 1095 1274 1098 ⁴
1297 1111 1606 1175 successit
1653 1109 1831 1173 nullo
1880 1108 2081 1194 gradu
2120 1110 2498 1195 contingens
2537 1107 2882 1172 Caesarum

579 1217 856 1300 domum,
905 1218 1012 1282 sed
1051 1217 1224 1281 haud
1263 1216 1453 1281 dubie
1491 1217 1931 1281 nobilissimus
1971 1238 2329 1302 magnaque
2368 1219 2434 1280 et
2470 1221 2689 1281 uetere
2735 1237 2879 1299 pro-

579 1325 784 1408 sapia,
837 1330 910 1388 ut
958 1325 1068 1407 qui
1121 1328 1476 1388 statuarum
1531 1324 1743 1387 titulis
1797 1327 2221 1407 pronepotem
2278 1345 2346 1386 se
2394 1321 2618 1398 Quinti
2665 1321 2879 1386 Catuli

582 1428 930 1514 Capitolini
972 1453 1225 1514 semper
1260 1430 1643 1514 ascripserit,
1691 1431 2040 1512 imperator
2075 1451 2227 1493 uero
2272 1429 2463 1494 etiam
2504 1433 2775 1493 stemma
2809 1430 2881 1492 in
2911 1458 2967 1495 ιο

577 1537 743 1601 atrio
781 1538 1206 1621 proposuerit,
1243 1559 1371 1620 quo
1411 1541 1739 1620 paternam
1778 1537 2092 1620 originem
2132 1535 2213 1600 ad
2249 1534 2489 1619 Iouem,
2525 1540 2879 1600 maternam

578 1643 656 1706 ad
703 1643 1088 1727 Pasiphaam
1137 1643 1420 1708 Minonis
1464 1664 1731 1708 uxorem
1778 1643 2058 1706 referret.
2668 1637 2673 1641 ’

506 1748 550 1814 3
759 1749 1080 1835 Imagines
1131 1755 1194 1814 et
1251 1749 1462 1835 elogia
1515 1749 1801 1814 uniuersi
1856 1751 2107 1834 generis
2160 1751 2393 1832 exequi
2447 1751 2715 1835 longum
2764 1754 2882 1830 est,

577 1856 859 1921 familiae
897 1856 1182 1921 breuiter
1219 1857 1550 1941 attingam.
1625 1857 1737 1940 qui
1764 1857 2010 1942 primus
2046 1855 2479 1940 Sulpiciorum
2519 1876 2882 1940 cognomen

580 1963 820 2028 Galbae
857 1964 1011 2028 tulit
1049 1984 1161 2027 cur
1196 1967 1308 2026 aut
1345 1963 1513 2027 unde
1549 1966 1836 2048 traxerit,
1881 1963 2247 2049 ambigitur.
2332 1963 2592 2046 quidam
2628 1965 2881 2045 putant,
2912 1989 2965 2028 ιε

578 2071 750 2154 quod
807 2071 1118 2155 oppidum
1167 2069 1516 2153 Hispaniae
1570 2071 1810 2134 frustra
1864 2071 1974 2134 diu
2022 2074 2469 2155 oppugnatum
2521 2068 2727 2132 inlitis
2776 2069 2881 2132 de-

577 2199 753 2241 mum
801 2177 1076 2264 galbano
1124 2176 1371 2240 facibus
1410 2177 1834 2261 succenderit3
1880 2176 2010 2261 alii,
2056 2176 2228 2261 quod
2265 2175 2332 2239 in
2372 2177 2679 2240 diuturna
2723 2175 2883 2238 uali-

578 2283 798 2346 tudine
846 2283 1094 2369 galbe0,
1141 2284 1206 2346 id
1246 2289 1342 2348 est
1379 2283 1677 2348 remediis
1714 2285 1862 2348 lana
1897 2283 2227 2367 inuolutis,
2274 2283 2529 2347 assidue
2566 2286 2879 2366 uteretur3

575 2390 899 2466 nonnulli,
960 2391 1135 2472 quod
1179 2392 1595 2476 praepinguis
1652 2389 1847 2454 fuerit
1890 2391 2096 2474 uisus,
2158 2412 2345 2473 quem
2405 2389 2661 2476 galbam
2710 2387 2878 2453 Galli

577 2500 835 2580 uocent3
883 2494 988 2560 uel
1027 2502 1268 2580 contra,
1317 2498 1489 2581 quod
1525 2503 1655 2561 tam
1698 2498 1901 2578 exilis,
1949 2519 2137 2580 quam
2183 2501 2334 2560 sunt
2374 2497 2677 2561 animalia
2714 2518 2879 2580 quae
2908 2523 2963 2562 ω

506 2619 538 2664 2
577 2602 646 2666 in
705 2603 976 2667 aesculis
1035 2608 1389 2669 nascuntur
1445 2603 1976 2687 appellanturque
2036 2605 2279 2688 galbae.
2360 2603 2674 2668 familiam
2736 2603 2877 2668 illu-

579 2711 809 2774 strauit
867 2705 1129 2773 Seruius
1177 2707 1379 2774 Galba
1435 2711 1787 2774 consularis
1798 2762 1814 2793 ,
1874 2715 2237 2794 temporum
2295 2733 2557 2775 suorum
2606 2713 2708 2773 *et
2753 2709 2881 2773 elo-

578 2817 1055 2899 quentissimus,
1092 2838 1280 2899 quem
1313 2817 1573 2880 tradunt
1600 2814 1982 2900 Hispaniam
2012 2838 2088 2880 ex
2122 2822 2422 2900 praetura
2461 2817 2880 2900 optinentem,

577 2923 846 3006 triginta
902 2923 1355 2988 Lusitanorum
1412 2925 1675 2988 milibus
1729 2923 2000 3007 perfidia
2058 2923 2419 3006 trucidatis,
2464 2921 2881 3006 Viriat[h]ini

579 3027 731 3093 belli
779 3050 1033 3093 causam
1072 3029 1378 3095 extitisse.
1461 3032 1598 3094 eius
1636 3050 1836 3112 nepos
1884 3031 1968 3094 ob·
2005 3029 2328 3115 repulsam
2368 3028 2739 3093 consulatus
2787 3030 2881 3092 in-
2909 3055 2961 3096 25

529 3210 536 3216 ‚
575 3136 792 3200 fensus
849 3134 1014 3200 Iulio
1066 3135 1347 3220 Caesari,
1409 3138 1588 3202 cuius
1644 3138 1895 3222 legatus
1954 3138 2023 3201 in
2071 3135 2277 3201 Gallia
2332 3137 2569 3218 fuerat,
2630 3135 2882 3219 conspi-

575 3244 747 3306 rauit
784 3264 928 3306 cum
971 3242 1193 3307 Cassio
1235 3249 1299 3308 et
1335 3243 1559 3327 Brut0‚
1607 3249 1871 3326 propter
1908 3244 2079 3326 quod
2119 3242 2315 3306 Pedia
2358 3243 2501 3326 lege
2540 3241 2881 3306 damnatus

723 3423 750 3469 7
792 3419 1029 3486 Eutrop.
1072 3418 1194 3471 VII
1222 3423 1311 3482 16,
1352 3424 1382 3472 1
1434 3418 1566 3472 huic
1620 3418 1849 3472 Seruius
1896 3417 2077 3472 Galba
2126 3417 2396 3472 successit
2450 3416 2880 3484 antiquissimae

576 3495 895 3550 nobilitatis
945 3499 1185 3552 senator.
1263 3499 1446 3552 Victor
1485 3499 1633 3552 Cae-a.
1667 3504 1719 3567 6,
1750 3504 1780 3552 1
1830 3497 1985 3551 haud
2031 3514 2189 3552 secus
2235 3496 2445 3551 nobilis
2483 3513 2515 3551 e
2555 3501 2725 3565 gente
2763 3496 2881 3550 cla-

575 3576 801 3629 rissima
839 3575 1218 3644 Sulpiciorum
1252 3578 1428 3647 (Epit.
1462 3583 1516 3645 6,
1544 3581 1613 3647 1).

722 3722 749 3771 1
773 3719 853 3789 et]
873 3720 938 3772 ut
959 3719 1041 3772 Πι
1149 3721 1259 3791 est]
1281 3720 1368 3774 est
1387 3723 1443 3774 et
1457 3721 1562 3773 Μὸ
1673 3727 1703 3773 9
1724 3721 1983 3789 sequenti
1999 3722 2086 3788 M,
2106 3720 2330 3790 sequuti
2345 3720 2402 3774 P
2506 3718 2693 3774 Catuli
2712 3723 2885 3774 om.X

581 3805 644 3852 12
683 3798 1015 3868 pasiphaam
1055 3799 1297 3869 (phas-(5)
1339 3802 1470 3864 Me,
1517 3800 1819 3870 pasipham
1856 3801 2054 3870 (passi-
2083 3802 2153 3869 Β
2192 3804 2249 3853 X
2252 3802 2319 3865 Y,
2357 3799 2531 3869 -phen
2572 3798 2650 3866 G,
2696 3798 2728 3852 1*
2763 3799 2879 3869 phe

576 3897 642 3934 88.
665 3878 744 3931 11²
765 3880 853 3948 (cs.
876 3880 1025 3934 Nero
1046 3882 1136 3949 12)
1260 3880 1506 3935 minonis
1528 3883 1602 3936 M
1601 3881 1765 3947 LRo,
1784 3881 1987 3934 minois
2006 3883 2099 3935 rel.
2121 3882 2210 3950 (cs.
2237 3880 2355 3935 Tib.
2380 3881 2472 3950 ¹70)
2603 3885 2668 3933 13
2689 3879 2877 3949 elogia

576 3960 727 4029 11¹9,
759 3959 980 4028 eclogia
1002 3960 1125 4014 ML
1137 3962 1195 4027 T,
1225 3959 1450 4028 eulogia
1467 3962 1560 4015 rel.
1676 3965 1740 4013 16
1762 3959 1939 4014 illatis
1966 3963 2013 4013 Τ
2118 3965 2185 4014 19
2204 3960 2386 4031 uisus]
2407 3963 2465 4013 et
2484 3959 2686 4013 obesus
2705 3962 2797 4015 uel
2812 3961 2878 4013 ut

574 4040 791 4094 uitulus
803 4042 1036 4112 Bentley
1127 4057 1295 4108 quem
1311 4041 1416 4094 GL
1426 4043 1483 4102 Τ,
1507 4057 1677 4109 quam
1690 4043 1765 4095 M
1762 4041 1909 4096 POS
1914 4043 2010 4106 Τδ,
2028 4039 2250 4108 qualem
2264 4042 2497 4111 Bentley
2586 4045 2655 4094 20
2669 4043 2881 4094 uocant

575 4121 660 4179 Ss-
677 4122 948 4191 (Bentley)
1093 4123 1213 4174 tam
1231 4138 1332 4175 om.
1357 4123 1411 4175 R
1429 4122 1700 4191 (Bentley)
1844 4123 2038 4192 quam]
2060 4121 2210 4189 quod
2232 4121 2318 4186 M,
2342 4120 2536 4189 qualia
2556 4139 2591 4181 ς·
2606 4123 2879 4193 (Bentley)

577 4205 642 4252 22
683 4203 741 4254 et
777 4218 876 4255 om.
918 4203 979 4254 H
982 4201 1000 4232 ¹
1035 4202 1245 4272 (canly),
1301 4202 1514 4270 alioqui
1557 4209 1659 4255 aut
1703 4200 1795 4254 uel
1839 4202 2185 4256 scribendmn
2228 4201 2451 4255 uidetur
2492 4203 2591 4269 (sic
2628 4203 2878 4274 Bentley,

579 4281 635 4336 Ο.
649 4281 719 4335 F.
735 4281 817 4336 W.
834 4283 1061 4350 Miiller)
1088 4287 1190 4334 aut
1213 4283 1508 4336 statuenda
1537 4283 1741 4336 lacuna
1769 4281 2103 4350 (ditissimus
2131 4288 2352 4336 auctore
2373 4281 2698 4336 Casaubono
2727 4284 2877 4337 Bur-

572 4378 814 4415 mannus
841 4363 1187 4431 exAppiano
1207 4362 1369 4430 Hisp.
1385 4364 1476 4431 60)
1584 4368 1653 4415 24
1681 4362 1937 4415 uiriatini
1965 4363 2003 4416 1
2116 4367 2182 4414 25
2214 4377 2385 4414 causa
2405 4362 2567 4417 de·
2582 4364 2805 4432 (nonT)

574 4441 826 4494 infensus
847 4457 946 4495 om.
974 4442 1025 4496 G
1155 4447 1221 4494 26
1245 4441 1489 4514 legatus]
1509 4441 1719 4495 inlatus
1742 4442 1849 4511 (ill-
1874 4442 2136 4512 QR)M'1',
2155 4440 2189 4494 l·
2205 4442 2428 4510 legatus
2446 4459 2516 4496 ss.
2540 4441 2611 4508 R,
2638 4459 2777 4497 corr.
2794 4442 2880 4496 Π*
