3259 5209
292 1039 316 1074 5

266 1571 321 1610 1⁰

268 2105 322 2144 1⁶

272 2637 327 2676 20

272 3169 327 3208 25

1078 419 1134 474 C.
1175 419 1534 476 CALIGVLA
1576 431 1706 479 [car.
1737 429 1912 480 28—26]
2517 417 2641 484 177

346 583 711 668 capilloque
766 584 1111 668 promisso;
1166 603 1283 648 nec
1338 605 1644 666 umquam
1700 587 1924 667 postea
1979 581 2512 664 quantiscumque
2567 581 2645 644 de

346 691 569 773 rebus,
612 711 694 753 ne
740 710 856 773 pro
906 691 1207 755 contione
1254 690 1507 773 quidem
1558 689 1787 774 populi
1835 693 1946 753 aut
1993 687 2164 773 apud
2207 688 2475 772 milites,
2519 689 2644 752 nisi

344 819 465 882 per
498 817 740 862 numen
774 794 1097 860 Drusillae
1134 797 1461 861 deierauit.
1537 795 1816 879 reliquas
1855 816 2104 859 sorores
2141 816 2260 862 nec
2297 795 2648 878 cupiditate
2683 807 2716 858 8

346 909 531 968 tanta
576 924 695 966 nec
740 902 1111 988 dignatione
1158 904 1404 987 dilexit,
1448 908 1521 968 ut
1566 924 1726 986 quas
1774 924 1962 986 saepe
2009 902 2277 966 exoletis
2324 902 2456 968 suis
2503 923 2648 986 pro-

350 1011 763 1093 strau<er>it3
811 1031 939 1093 quo
986 1009 1241 1075 facilius
1289 1031 1393 1073 eas
1441 1010 1509 1073 in
1556 1031 1746 1074 causa
1793 1008 2030 1073 Aemili
2079 1008 2306 1093 Lepidi
2355 1008 2648 1074 condem-

346 1118 535 1182 nauit
589 1116 773 1200 quasi
828 1116 1152 1181 adulteras
1207 1121 1272 1180 et
1328 1116 1704 1180 insidiarum
1763 1116 2064 1182 aduersus
2122 1138 2188 1181 se
2235 1117 2526 1180 conscias
2573 1118 2647 1180 ei.

346 1247 469 1289 nec
531 1225 736 1288 solum
799 1222 1231 1308 chirographa
1290 1224 1577 1288 omnium
1639 1223 1950 1306 requisita
2011 1222 2230 1286 fraude
2295 1243 2368 1286 ac
2423 1227 2648 1307 stupro

348 1331 743 1416 diuulgauit,
806 1329 918 1394 sed
983 1336 1049 1394 et
1110 1336 1241 1394 tres
1296 1330 1545 1414 gladios
1600 1330 1670 1394 in
1723 1349 1938 1393 necem
1998 1351 2178 1394 suam
2233 1335 2648 1414 praeparatos

349 1437 548 1501 Marti
596 1435 809 1500 Vltori
856 1436 1075 1502 addito
1124 1438 1338 1521 elogio
1387 1436 1801 1501 consecrauit.

532 1542 944 1606 Matrimonia
997 1543 1389 1607 contraxerit
1436 1543 1690 1626 turpius
1736 1565 1814 1606 an
1865 1543 2178 1608 dimiserit
2223 1565 2305 1606 an
2351 1544 2649 1626 tenuerit,
2666 1537 2753 1604 25

354 1673 486 1715 non
541 1654 639 1714 est
699 1648 889 1714 facile
944 1649 1315 1714 discernere.
1418 1647 1670 1713 Liuiam
1723 1649 2088 1713 Orestillam
2149 1648 2214 1713 C.
2263 1649 2484 1714 Pisoni
2537 1672 2646 1714 nu-

353 1757 631 1840 bentem,
687 1777 833 1820 cum
888 1755 971 1818 ad
1027 1756 1311 1820 officium
1360 1760 1425 1819 et
1470 1757 1609 1840 ipse
1655 1757 1962 1836 uenisset,
2019 1756 2096 1820 ad
2146 1778 2212 1820 se
2261 1756 2490 1821 deduci
2535 1756 2649 1820 im-

352 1864 607 1947 perauit
652 1862 947 1944 intraque
993 1883 1233 1945 paucos
1279 1862 1415 1926 dies
1460 1863 1858 1948 repudiatam
1912 1862 2167 1927 biennio
2216 1869 2366 1946 post
2412 1865 2650 1949 relega-

356 1971 469 2050 uit,
517 1969 691 2052 quod
734 1970 1042 2053 repetisse
1092 1991 1277 2032 usum
1326 1969 1560 2053 prioris
1606 1969 1824 2032 mariti
1881 1974 2170 2052 tempore
2218 1969 2430 2034 medio
2477 1970 2678 2034 uide-.

356 2076 565 2139 batur.
662 2076 773 2139 alii
834 2076 1097 2139 tradunt
1166 2074 1525 2139 adhibitum
1590 2097 1778 2140 cenae
1839 2076 2117 2159 nuptiali
2173 2077 2511 2141 mandasse
2571 2077 2651 2141 ad

356 2181 653 2246 Pisonem
718 2187 939 2246 contra
999 2181 1507 2247 accumbentem:
1573 2183 1734 2246 noli
1808 2203 2116 2247 uxorem
2183 2205 2419 2248 meam
2483 2206 2648 2268 pre-

354 2311 585 2366 mere,
654 2289 1002 2371 statimque
1062 2309 1095 2352 e
1156 2288 1461 2352 conuiuio
1526 2289 1869 2353 abduxisse
1931 2311 2148 2354 secum
2217 2311 2291 2354 ac
2351 2289 2648 2375 proximo

356 2395 459 2459 die
506 2395 805 2458 edixisse:
866 2396 1437 2459 matrimonium
1484 2396 1633 2460 sibi
1681 2401 2064 2480 repertum
2113 2398 2460 2480 exemplo
2511 2397 2652 2461 Ro-

354 2503 541 2566 muli
588 2504 661 2565 et
706 2500 1055 2588 Augusti.
1148 2501 1423 2567 Lolliam
1472 2502 1827 2585 Paulinam,
1875 2500 1940 2566 C.
1980 2502 2286 2567 Memmio
2333 2505 2652 2568 consulari
2691 2519 2721 2564 ⁶2.

358 2610 675 2672 exercitus
722 2610 974 2693 regenti
1018 2613 1308 2692 nuptam,
1354 2609 1528 2674 facta
1574 2609 1897 2673 mentione
1945 2611 2127 2674 auiae
2165 2610 2301 2674 eius
2341 2613 2414 2674 ut
2453 2633 2652 2695 quon-

358 2716 505 2779 dam
547 2714 1035 2797 pulcherrimae,
1082 2715 1300 2779 subito
1338 2739 1417 2780 ex
1454 2716 1792 2798 prouincia
1831 2717 2127 2780 euocauit
2166 2738 2240 2782 ac
2276 2717 2651 2801 perductam

357 2844 395 2885 a
458 2821 693 2884 marito
759 2821 1092 2886 coniunxit
1166 2821 1287 2884 sibi
1362 2822 1672 2905 breuique
1745 2821 2004 2886 missam
2079 2823 2234 2887 fecit
2311 2823 2652 2888 interdicto

356 2929 735 3012 cuiusquam
792 2929 856 2991 in
912 2931 1294 3012 perpetuum
1350 2929 1541 2992 coitu.
1638 2927 2014 2994 Caesoniam
2079 2951 2288 3012 neque
2341 2930 2504 2993 facie
2561 2932 2652 2993 in·
2692 2943 2722 2989 3

358 3035 527 3120 signi
572 3055 781 3117 neque
826 3037 1035 3098 aetate
1080 3033 1334 3120 integra
1372 3039 1770 3118 matremque
1821 3037 1946 3100 iam
1986 3059 2064 3099 ex
2101 3037 2228 3100 alio
2268 3037 2414 3100 uiro
2453 3037 2652 3101 trium

358 3141 637 3205 filiarum
646 3193 664 3224 ,
718 3141 831 3204 sed
884 3141 1176 3206 luxuriae
1231 3163 1305 3206 ac
1360 3141 1662 3206 lasciuiae
1717 3143 2030 3227 perditae,
2084 3147 2150 3207 et
2205 3143 2532 3207 ardentius
2591 3149 2656 3208 et

358 3245 759 3312 constantius
806 3247 1073 3328 amauit,
1119 3251 1192 3311 ut
1240 3269 1426 3331 saepe
1474 3247 1814 3331 chlamyde
1863 3249 2165 3333 peltaque
2211 3252 2276 3312 et
2324 3249 2508 3334 galea
2555 3273 2652 3314 01·-

355 3359 575 3418 natam
622 3375 697 3419 ac
734 3353 915 3416 iuxta
952 3353 1431 3435 adequitantem
1468 3353 1786 3418 militibus
1825 3355 2190 3438 ostenderit,
2239 3357 2460 3420 amicis
2498 3379 2652 3422 uero

358 3473 518 3480 *—

506 3525 571 3572 10
588 3523 706 3588 sq'q.
742 3519 923 3574 Victor
948 3521 1096 3574 Caes.
1119 3524 1171 3584 3,
1194 3526 1265 3572 10
1292 3520 1666 3575 matrimoniis
1697 3520 1938 3574 illudens
1969 3522 2269 3577 nobilibus.
2348 3529 2411 3577 11
2432 3540 2552 3592 sqq.
2583 3526 2652 3588 ef.

357 3599 531 3656 Schol.
564 3601 693 3654 qu.
723 3599 935 3668 (Valla)
967 3605 1027 3663 5,
1049 3605 1157 3653 109
1206 3599 1331 3653 Piso
1379 3599 1714 3670 Calpurnius
1748 3643 1792 3653 ..
1819 3643 1828 3654 .
1862 3602 2145 3670 relegatus
2193 3607 2304 3668 est,
2354 3603 2489 3670 quia
2527 3620 2654 3656 con-

358 3681 713 3735 suetudinem
758 3679 1032 3748 pristinae
1081 3679 1267 3732 uxoris
1320 3679 1601 3733 abductae
1649 3681 1758 3732 sibi
1799 3681 1870 3734 ab
1910 3682 2032 3750 ipso
2071 3683 2398 3751 (Οαῑίριιῖα),
2449 3684 2654 3736 deinde

356 3760 626 3814 remissae
663 3758 953 3828 repetiisse
992 3759 1437 3813 existimabatur.
1586 3765 1654 3812 27
1693 3761 1865 3815 Schol.
1899 3764 2026 3815 qu.
2051 3767 2102 3827 6¹,
2123 3768 2230 3816 615
2252 3781 2304 3816 u.
2337 3765 2412 3816 ad
2444 3765 2557 3818 Cal.
2583 3771 2656 3815 50

574 3853 784 3861 ——n

504 3907 536 3955 3
574 3901 853 3955 deierauit
874 3901 1153 3970 HQP²ST
1177 3909 1225 3955 et
1245 3919 1351 3970 pro
1382 3919 1434 3955 u.
1468 3903 1499 3956 l.
1532 3902 1604 3967 R,
1645 3902 1911 3956 delirauit
1939 3904 2114 3970 .dely-
2148 3905 2218 3972 G)
2247 3906 2340 3958 rel.
2488 3913 2522 3958 4
2559 3923 2656 3958 ne-

359 3982 691 4052 dignatione
720 3983 795 4035 M
932 3982 1305 4049 prostrauerit
1335 3999 1368 4040 ς
1398 3981 1716 4051 (Reman),
1755 3984 2052 4050 prostrarit
2082 3985 2276 4038 Burm.
2425 3990 2456 4038 6
2497 3985 2654 4038 adul-

358 4065 482 4116 tera
513 4063 585 4116 M
760 4062 833 4131 ei]
877 4063 934 4114 et
962 4063 1027 4126 Χ,
1068 4079 1167 4114 om.
1205 4062 1315 4114 ΤΝ
1348 4064 1538 4132 (uuly.)
1743 4067 1770 4114 ‘1
1810 4080 1869 4116 re
1908 4064 2164 4130 quaesita
2203 4065 2323 4132 (del.
2354 4064 2552 4117 fraude
2591 4083 2656 4118 ac

358 4145 575 4211 stupro)
604 4143 837 4211 Bentley
936 4142 1132 4208 stupra
1164 4143 1394 4209 Lipsius
1484 4147 1515 4194 8
1545 4145 1774 4210 paratos
1808 4143 1857 4197 G
1963 4151 2024 4197 11
2058 4145 2354 4197 decernere
2387 4146 2656 4211 Perizon„

363 4223 600 4276 Gronov.
721 4227 787 4275 13
826 4219 1083 4276 bimestri
1112 4222 1343 4290 Bentley
1465 4228 1528 4275 17
1569 4239 1756 4275 secum
1794 4226 1853 4288 Y,
1885 4241 2009 4276 cum
2043 4227 2165 4280 Md.
2196 4241 2320 4276 eum
2356 4227 2423 4284 G.
2455 4241 2576 4278 eam
2611 4229 2664 4277 X

364 4309 429 4355 19
470 4301 553 4372 C.]
583 4303 641 4356 P.
666 4319 999 4370 praenomen
1038 4302 1099 4354 in
1128 4303 1305 4354 titulis
1332 4309 1405 4355 est
1548 4303 1811 4355 memmio
1845 4303 2074 4358 GP’ST
2095 4307 2174 4371 (ι’-η
2208 4305 2250 4357 S
2274 4323 2408 4358 corr.
2440 4323 2506 4358 ex
2543 4323 2654 4358 me-

358 4382 529 4435 minit
564 4389 625 4436 ut
658 4383 817 4449 uid),
857 4382 1086 4434 memmi
1124 4381 1212 4450 (-ii
1246 4383 1457 4450 P¹HR)
1499 4383 1589 4435 rel.
1774 4383 2052 4436 consulari
2095 4384 2421 4453 GQP25213
2461 4401 2658 4438 consu-

359 4462 497 4516 laris
532 4465 627 4516 rel.
774 4466 843 4514 20
881 4461 1127 4530 regentis
1168 4479 1203 4520 ς
1238 4469 1287 4514 et
1324 4463 1441 4516 edd.
1475 4469 1575 4514 αεὶ.
1604 4464 1895 4517 retinentes
1930 4468 2259 4534 yenetiuwn,
2296 4467 2421 4532 sort.
2461 4468 2660 4519 rectius

362 4547 429 4594 26
466 4541 731 4611 pellaque
762 4541 904 4606 MG,
941 4540 1209 4610 pallaque
1243 4544 1325 4594 Τδ

468 4642 739 4681 svn-ronna
769 4641 837 4680 ed.
868 4641 1000 4680 Ihm.
1055 4641 1082 4679 1
2167 4639 2230 4685 12
