3259 5209
1226 411 1427 466 NERO
1465 423 1596 473 [cu.
1627 424 1805 473 50—56]
2210 443 2213 448 ·
2529 411 2663 476 269

361 578 524 636 rant.
612 572 840 638 habuit
885 579 948 638 et
993 574 1302 660 pingendi
1348 574 1763 661 fingendique
1803 571 2135 662 [maxime]
2176 597 2307 640 non
2344 575 2663 640 mediocre

361 663 663 743 studium.

543 786 821 853 Maxime
865 793 1080 853 autem
1119 789 1550 872 popularitate
1587 788 1983 872 efferebatur,
2023 791 2309 854 omnium
2348 791 2656 872 aemulus,
2674 789 2769 854 53

362 894 475 975 qui
521 915 784 977 quoquo
829 895 1023 960 modo
1071 895 1354 986 animum
1403 896 1584 981 uulgi
1621 900 1971 960 mouerent.
2056 897 2211 960 exiit
2250 898 2470 980 opinio
2507 903 2656 980 post

363 1000 688 1065 scaenicas
735 1022 1002 1067 coronas
1051 1004 1347 1086 proximo
1397 1001 1602 1066 lustro
1650 997 2103 1068 descensuruin
2143 1023 2287 1066 eum
2328 1003 2409 1068 ad
2446 1002 2664 1087 Olym.

359 1103 595 1192 pia[m]
652 1108 824 1173 inter
881 1108 1184 1192 athletast,
1242 1131 1392 1172 nam
1453 1113 1518 1173 et
1576 1109 1943 1174 luctabatur
1998 1109 2249 1174 assidue
2303 1132 2421 1174 nec
2476 1110 2663 1174 aliter

361 1215 716 1278 certamina
771 1215 1071 1301 gymnica
1123 1219 1262 1280 tota
1321 1212 1585 1281 Graecia
1641 1220 2046 1300 spectauerat
2092 1238 2281 1299 quam
2330 1216 2663 1281 brabeuta-

358 1343 504 1384 rum
564 1342 742 1387 more
800 1323 866 1385 in
924 1321 1130 1386 stadio
1187 1321 1368 1386 humi
1415 1322 1699 1388 assidens
1760 1345 1860 1405 ac,
1908 1323 1962 1386 si
2009 1346 2135 1406 qua
2179 1324 2359 1407 paria
2404 1323 2663 1406 longius

405 1429 801 1507 ecessissent‚
843 1430 911 1494 in
938 1430 1218 1493 medium
1260 1430 1556 1494 manibus
1594 1430 1728 1494 suis
1764 1431 2159 1514 protrahens.
2233 1429 2663 1494 destinauerat

275 1574 332 1612 1⁰
361 1535 585 1618 etiam,
643 1536 792 1618 quia
847 1533 1219 1618 Apollinem
1275 1543 1494 1619 cantu,
1560 1534 1776 1600 Solem
1842 1536 2193 1622 aurigando
2252 1537 2662 1622 aequiperare

359 1642 854 1724 existimaretur,
909 1643 1149 1707 imitari
1195 1647 1260 1707 et
1305 1643 1605 1708 Herculis
1660 1644 1857 1728 facta3
1912 1649 2490 1728 praeparatumque
2534 1643 2661 1708 leo-

359 1772 507 1812 nem
556 1751 753 1833 aiunt,
801 1772 992 1833 quem
1037 1750 1146 1815 uel
1192 1751 1374 1815 claua
1409 1750 1514 1814 uel
1556 1749 1961 1815 brachiorum
2000 1750 2271 1815 nexibus
2309 1751 2375 1814 in
2416 1750 2662 1835 amphi-

357 1857 600 1922 theatri
663 1856 902 1921 harena
965 1861 1294 1941 spectante
1357 1857 1600 1941 populo
1667 1857 1878 1921 nudus
1933 1856 2213 1922 elideret.
2298 1857 2418 1922 sub
2474 1857 2648 1920 exitu
2667 1853 2765 1921 54

361 1964 620 2047 quidem
668 1965 839 2027 uitae
875 1963 1090 2047 palam
1137 1967 1424 2046 uouerat,
1471 1965 1526 2028 si
1575 1964 1697 2029 sibi
1746 1963 2087 2028 incolumis
2126 1968 2333 2027 status
2372 1985 2659 2046 perman—

276 2105 330 2144 15
361 2072 579 2154 sisset,
652 2070 1056 2154 proditurum
1115 2092 1181 2134 se
1247 2075 1466 2153 partae
1530 2071 1840 2135 uictoriae
1895 2071 2063 2134 ludis
2128 2071 2317 2134 etiam
2385 2069 2659 2154 hydrau-

357 2179 488 2242 lam
536 2182 602 2242 et
640 2177 1008 2241 choraulam
1048 2181 1115 2240 et
1149 2177 1590 2241 utricularium
1630 2199 1708 2241 ac
1745 2177 2097 2242 nouissimo
2136 2177 2239 2241 die
2276 2177 2657 2241 histrionem

359 2287 869 2367 saltaturumque
916 2282 1166 2368 Vergili
1213 2283 1517 2348 Turnum.
1592 2288 1659 2348 et
1704 2288 1856 2348 sunt
1902 2284 2015 2368 qui
2063 2286 2318 2349 tradant
2363 2283 2656 2348 Paridem

356 2392 736 2456 histrionem
792 2391 1072 2454 occisum
1137 2391 1218 2455 ab
1274 2412 1348 2454 eo
1408 2391 1589 2474 quasi
1654 2413 1915 2476 grauem
1982 2391 2431 2456 aduersarium.
2516 2395 2651 2456 erat
2671 2388 2763 2454 55

359 2501 455 2564 illi
517 2497 916 2563 aeternitatis
974 2503 1449 2581 perpetuaeque
1507 2497 1716 2562 famae
1778 2497 2037 2581 cupido,
2108 2499 2219 2562 sed
2278 2497 2656 2563 inconsulta.

275 2638 332 2676 ιο
358 2607 633 2690 ideoque
681 2604 900 2668 multis
947 2604 1134 2668 rebus
1182 2623 1256 2667 ac
1302 2603 1460 2669 locis
1499 2608 1718 2669 uetere
1756 2603 2188 2688 appellatione
2227 2605 2511 2670 detracta
2546 2626 2657 2669 no-

355 2736 504 2778 uam
553 2712 785 2776 indixit
840 2733 917 2774 ex
973 2732 1089 2774 suo
1136 2711 1424 2793 nomine,
1477 2733 1763 2776 mensem
1814 2733 2069 2795 quoque
2116 2709 2408 2796 Aprilem
2454 2711 2656 2776 Nero-

356 2842 550 2884 neum
582 2817 962 2901 appellauit3
1000 2817 1430 2884 destinauerat
1459 2823 1523 2882 et
1551 2817 1829 2896 Romam
1858 2817 2239 2902 Neropolim
2268 2839 2653 2901 nuncupare.

534 2925 948 3010 Religionum
987 2946 1190 3008 usque
1228 2947 1481 3008 quaque
1519 2929 1942 3009 contemptor,
1979 2930 2229 3008 praeter
2255 2927 2445 2990 unius
2475 2925 2649 2990 Deae
2664 2921 2760 2986 56

357 3032 599 3117 Syriae,
671 3031 839 3097 hanc
908 3052 1058 3096 mox
1121 3033 1214 3096 ita
1278 3034 1522 3116 spreuit
1586 3037 1661 3096 ut
1724 3034 1911 3097 urina
1976 3033 2465 3116 contaminaret,
2530 3032 2658 3098 alia

275 3169 330 3209 25
359 3139 815 3223 superstitione
859 3143 1085 3223 captus
1096 3189 1114 3222 ,
1159 3140 1228 3202 in
1275 3161 1402 3222 qua
1449 3139 1584 3204 sola
1631 3140 2137 3224 pertinacissime
2181 3140 2414 3222 haesit,
2462 3142 2653 3224 siqui-

357 3245 501 3309 dem
551 3246 1112 3331 <im>agunculam
1161 3246 1530 3329 puellarem,
1576 3267 1723 3310 cum
1772 3247 1955 3330 quasi
1999 3246 2351 3311 remedium
2398 3246 2653 3311 insidia-

355 3375 500 3417 rum
549 3375 586 3415 a
631 3351 883 3434 plebeio
941 3352 1218 3435 quodam
1275 3357 1340 3416 et
1395 3354 1619 3439 ignoto
1677 3356 1927 3418 muneri
1981 3354 2357 3438 accepisset,
2405 3353 2655 3418 detecta

359 3459 696 3524 confestim
755 3460 1196 3523 coniuratione
1250 3480 1368 3542 pro
1425 3481 1679 3524 summo
1746 3462 2009 3524 numine
2062 3461 2375 3546 trinisque
2430 3461 2497 3526 in
2555 3460 2655 3525 die

500 3647 566 3695 10
604 3645 674 3708 ct.
713 3643 864 3697 Oros.
901 3644 1025 3697 VII
1048 3648 1098 3709 7,
1123 3649 1151 3696 1
1193 3645 1420 3712 aurigas
1460 3659 1628 3712 saepe
1668 3644 1775 3697 sibi
1816 3659 2107 3712 superasse
2143 3643 2299 3698 uisus
2338 3647 2436 3698 est.

502 3828 528 3874 1
569 3820 814 3874 maxime
840 3820 1142 3874 emendatio
1171 3823 1289 3874 eius
1317 3820 1463 3889 quod
1489 3822 1736 3890 sequitur
1762 3822 2007 3875 maxima
2037 3823 2125 3890 (cf.
2142 3822 2333 3876 Herm.
2353 3826 2426 3876 36
2443 3827 2651 3892 12292)

359 3907 390 3954 3
429 3901 678 3954 Maxima
700 3903 770 3966 Ω,
807 3917 944 3955 corr.
976 3919 1008 3960 ς
1037 3901 1376 3971 (Sabellicus)
1499 3906 1534 3953 4
1565 3902 1844 3968 quomodo
1882 3907 1930 3954 et
1958 3905 2209 3955 moueret
2242 3901 2293 3956 G
2400 3907 2432 3954 ὅ
2463 3901 2653 3971 Olym-

356 3982 454 4050 pia
492 3997 525 4040 ς
564 3980 701 4050 (edd.
733 3980 892 4034 Rom.
935 3981 1061 4035 Vm.
1091 3982 1134 4035 I
1135 3983 1155 4050 )
1335 3987 1366 4034 8
1417 3980 1568 4034 stadi
1615 3988 1663 4034 et
1712 3981 1969 4034 acsidens
2000 3982 2073 4034 M
2115 3982 2279 4050 (illud
2314 3997 2450 4036 corr.
2488 3999 2556 4036 m.
2595 3987 2653 4050 2)

359 4067 425 4115 10
464 4061 560 4130 qui
590 4077 623 4120 ς
661 4061 800 4129 (edd.
832 4060 988 4115 Rom.
1031 4062 1156 4114 Ven.
1189 4061 1232 4114 I
1254 4062 1348 4130 al.)
1460 4067 1524 4114 15
1563 4061 1916 4129 proditorum
1951 4065 2013 4128 T,
2049 4078 2185 4116 corr.
2218 4061 2301 4114 11²
2407 4061 2651 4129 hydrau-

355 4142 470 4194 lum
502 4141 576 4194 M
720 4146 784 4192 16
816 4140 1087 4194 histrione
1115 4142 1242 4195 MR
1388 4145 1453 4193 18
1491 4140 1824 4196 histrionem
1852 4141 2052 4210 (hystr-
2083 4142 2159 4207 N,
2197 4142 2323 4194 istr-
2360 4142 2435 4210 T)
2462 4142 2650 4207 TTN,

357 4220 794 4290 septentrionem
815 4224 1022 4290 (nepte-
1041 4222 1209 4290 LPS)
1240 4222 1315 4275 M
1316 4221 1534 4287 GLPS,
1553 4223 1657 4275 uix
1677 4223 2029 4292 coyita‘ndum
2047 4221 2113 4275 de
2130 4221 2344 4290 duplici
2369 4222 2655 4277 histrionis

353 4297 571 4357 nemim
598 4299 861 4354 Paridem
891 4301 1340 4368 Septentrionem
1506 4307 1571 4353 19
1601 4305 1987 4370 perpetuoque
2020 4301 2091 4353 M
2249 4306 2312 4353 21
2344 4299 2567 4354 induxit
2596 4305 2657 4354 H

354 4383 564 4452 (aula),
602 4378 814 4433 indidit
851 4382 1082 4450 Bentley
1119 4383 1245 4447 fort,
1282 4387 1420 4434 recte
1459 4383 1545 4449 (cf.
1577 4383 1723 4451 Auy.
1746 4387 1817 4435 32
1844 4399 1905 4450 p.
1940 4385 2026 4446 71,
2056 4384 2146 4451 10)
2308 4397 2571 4435 neronem
2600 4382 2651 4435 G

354 4469 422 4516 25
462 4462 543 4515 sic
583 4460 811 4528 quidem
851 4463 963 4516 HR
1143 4467 1208 4514 26
1250 4461 1583 4515 acunculam
1612 4464 1692 4528 Ω,
1748 4478 1883 4516 corr.
1933 4468 2061 4530 post
2105 4461 2429 4516 Sabellicum
2474 4463 2650 4526 mult-i,

353 4541 670 4598 icunculam
711 4541 992 4612 Egnatius
1029 4542 1215 4611 (Roth)
