3259 5209
1058 396 1276 451 D1VVS
1312 398 1555 453 IVLIVS
1594 410 1725 459 [CAP.
1756 410 1930 459 33-37]
2562 398 2640 462 19

348 564 535 623 nacta
588 582 899 624 nouarum
958 582 1171 625 rerum
1228 562 1495 625 materia
1551 567 1733 626 esset.
1825 562 1906 625 ab
1965 560 2352 625 Alexandria
2407 563 2472 625 iu
2528 561 2640 644 Sy·
2680 579 2711 623 ⁶2

346 667 509 729 riam
557 672 619 728 et
670 666 815 729 inde
852 666 1131 731 Pontum
1180 667 1435 731 transiit
1483 668 1862 753 urgentibus
1902 669 1978 732 de
2015 668 2343 733 Pharnace
2380 669 2642 749 nuntiiS,

351 795 541 856 quem
588 772 982 837 Mithridatis
1041 772 1261 857 Magni
1316 774 1521 838 filium
1580 796 1652 837 ac
1701 780 1852 838 tune
1899 776 2232 839 occasione
2278 778 2640 857 temporum

348 879 690 943 bellantem
742 880 995 962 iamque
1042 880 1389 963 multiplici
1428 902 1724 945 successu
1761 882 2208 965 praeferocem,
2255 884 2423 945 intra
2461 881 2640 963 quin-

290 1010 319 1049 5
350 992 487 1049 tum
555 1008 745 1069 quam
810 986 1103 1050 adfuerat
1168 986 1365 1065 diem,
1430 992 1735 1070 quattuor
1799 988 2031 1071 quibus
2099 988 2166 1051 in
2229 992 2638 1069 conspectum

352 1093 529 1155 uenit
572 1092 778 1175 horiS,
825 1116 953 1156 una
997 1093 1371 1179 profligauit
1418 1095 1578 1177 acie3
1635 1093 1854 1157 crebro
1903 1116 2408 1158 commemorans
2456 1093 2639 1156 Pom-

350 1200 455 1282 pei
502 1199 894 1283 felicitatem,
940 1200 1040 1263 cui
1080 1200 1425 1285 praeeipua-
1472 1201 1742 1265 militiae
1788 1201 1926 1265 laus
1975 1201 2050 1265 de
2097 1205 2228 1263 tam
2270 1199 2491 1265 inbelli
2539 1222 2641 1285 ge-

350 1328 497 1369 nere
552 1305 837 1370 hostium
896 1307 1285 1391 contigisset.
1370 1307 1601 1371 dehinc
1659 1304 2022 1391 Scipionem
2086 1330 2159 1371 ae
2213 1306 2434 1371 Iubam
2501 1306 2641 1369 reli-

353 1414 532 1495 quias
595 1414 873 1495 partium
936 1414 1001 1475 in
1062 1412 1284 1477 Africa
1344 1414 1692 1477 refouentis
1755 1414 2015 1496 deuicit,
2075 1414 2342 1497 Pompei
2403 1414 2639 1476 liberos

262 1544 323 1582 10
354 1520 417 1581 in
464 1518 795 1602 Hispania.
870 1520 1167 1583 omnibus
1215 1519 1512 1582 ciuilibus
1558 1520 1746 1610 bellis
1783 1520 2024 1583 nullam
2067 1520 2310 1583 cladem
2352 1521 2476 1583 nisi
2523 1540 2638 1603 per
2655 1518 2746 1583 36

351 1624 595 1709 legatos
654 1647 801 1689 suos
838 1648 1093 1713 „passus
1149 1630 1273 1708 est,
1335 1648 1605 1710 quorum
1667 1624 1735 1691 C.
1775 1626 1968 1690 Curio
2027 1628 2094 1690 in
2149 1626 2370 1691 Africa
2432 1626 2640 1709 periit,

354 1730 417 1793 C.
465 1730 788 1795 Antonius
837 1733 905 1794 in
951 1731 1210 1815 Illyrico
1259 1733 1322 1795 in
1372 1734 1882 1798 aduersariorum
1934 1733 2190 1798 deuenit
2236 1737 2640 1817 potestatem,

351 1838 417 1901 P.
466 1838 803 1902 Dolabella
860 1839 1125 1903 classem
1194 1840 1258 1902 in
1324 1839 1544 1903 eodem
1610 1838 1898 1925 Illyrico,
1963 1839 2072 1904 Cn.
2121 1840 2446 1904 Domitius
2505 1839 2642 1902 Cal-

352 1946 537 2009 uinus
586 1946 651 2008 in
699 1946 909 2011 Ponto
958 1946 1303 2010 exereitum
1364 1947 1730 2011 amiserunt.
1823 1948 1959 2029 ipse
2007 1948 2434 2031 prosperrime
2483 1968 2642 2011 sem-

262 2072 324 2115 15
352 2072 464 2134 per
509 2074 579 2115 ac
626 2074 705 2115 ne
754 2052 1017 2135 ancipiti
1067 2053 1323 2136 quidem
1382 2075 1686 2135 umquam
1745 2053 2004 2117 fortuna
2050 2059 2491 2136 praeterquam
2544 2053 2638 2116 bis

352 2158 709 2222 dimieauit:
785 2161 981 2223 semel
1047 2160 1125 2223 ad
1182 2159 1639 2243 Dyrrachium,
1704 2160 1816 2224 ubi
1879 2162 2102 2243 pulsus
2166 2182 2298 2224 non
2363 2160 2640 2223 instante

350 2263 658 2347 Pompeio
714 2266 975 2351 negauit
1032 2288 1173 2330 eum
1233 2267 1487 2330 uincere
1545 2268 1734 2348 seire,
1790 2267 2023 2331 iterum
2073 2268 2141 2330 in
2185 2266 2500 2350 Hispania
2549 2266 2639 2330 ul-

350 2372 509 2434 timo
548 2370 815 2454 proeliO,
852 2392 995 2435 cum
1038 2372 1390 2456 desperatis
1428 2374 1616 2437 rebus
1658 2374 1849 2437 etiam
1891 2373 1967 2436 de
2005 2373 2451 2437 consciscenda
2489 2396 2641 2437 nece

350 2480 679 2562 cogitauit.
2267 2458 2274 2464 ι

266 2608 322 2646 20
528 2583 853 2649 Confectis
912 2584 1096 2649 bellis
1154 2587 1537 2669 quinquiens
1594 2585 2050 2669 triumphauit,
2110 2591 2257 2670 post
2313 2586 2634 2650 deuictum
2655 2582 2742 2647 37

350 2688 717 2774 Scipionem
780 2696 1004 2774 quater
1068 2692 1290 2756 eodem
1356 2714 1599 2777 mense,
1671 2693 1780 2756 sed
1845 2693 2195 2757 interiectis
2262 2692 2512 2774 diebuS,
2577 2697 2642 2755 et

348 2819 571 2861 rursus
622 2797 817 2861 semel
869 2803 1015 2881 post
1066 2803 1399 2881 superatos
1436 2799 1707 2882 Pompei
1757 2798 2012 2863 liberos,
2101 2800 2380 2883 primum
2430 2804 2494 2861 et
2541 2822 2642 2861 ex-

352 2902 876 2969 cellentissimum
924 2905 1325 2989 triumphum
1376 2906 1508 2989 egit
1556 2904 1898 2986 Gallicum,
1947 2911 2317 2989 sequentem
2366 2905 2640 2968 Alexan-

351 3009 625 3093 drinum,
674 3010 897 3075 deinde
943 3011 1320 3093 Ponticum,
1366 3011 1516 3075 huic
1564 3013 1930 3096 proximum
1978 3012 2382 3095 Africanum,
2427 3012 2640 3075 nouis-

268 3138 323 3179 εει
352 3117 585 3181 simum
643 3116 1163 3201 Hispaniensem,
1228 3120 1479 3183 diuerso
1546 3142 1863 3203 quemque
1927 3124 2236 3202 apparatu
2293 3124 2356 3182 et
2411 3118 2639 3183 instru-

350 3228 583 3288 mento.
679 3220 906 3288 Gallici
963 3225 1277 3309 triumphi
1333 3225 1433 3288 die
1490 3225 1839 3289 Velabrum
1896 3226 2386 3309 praeteruehens
2441 3248 2640 3309 paene
2680 3240 2710 3285 2

498 3408 522 3452 1
566 3400 799 3467 Eutrop.
834 3400 921 3452 VI
947 3404 1038 3463 22,
1070 3404 1104 3452 3
1141 3400 1363 3453 rediens
1400 3400 1533 3452 inde
1566 3443 1575 3453 .
1610 3442 1621 3453 .
1656 3443 1666 3453 .
1697 3400 2023 3453 Pharnacen
2061 3399 2408 3453 Mithridatis
2447 3400 2641 3470 Magni

353 3478 548 3545 filium,
588 3478 685 3546 qui
722 3478 991 3547 Pompeio
1030 3479 1087 3531 in
1127 3480 1397 3533 auxilium
1435 3480 1587 3548 apud
1626 3479 1978 3533 Thessaliam
2015 3480 2226 3547 fuerat,
2273 3480 2640 3535 rebellantem

352 3559 409 3612 in
447 3560 625 3613 Ponto
664 3562 723 3613 et
766 3558 975 3613 multas
1024 3558 1218 3628 populi
1267 3560 1505 3613 Romani
1550 3560 1872 3629 prouincias
1921 3563 2288 3629 occupantem
2327 3560 2467 3612 uicit
2503 3559 2638 3612 acie.

350 3640 419 3704 cf.
462 3640 584 3693 Viri
622 3640 701 3692 ill.
736 3644 826 3703 78,
859 3644 891 3692 7
1038 3644 1068 3691 8
1108 3642 1175 3705 cf.
1218 3642 1451 3707 Eutrop.
1497 3641 1691 3694 V123.
1745 3641 1865 3694 Viri
1901 3642 1979 3694 ill.
2013 3644 2158 3704 78,8
2308 3646 2371 3693 16
2403 3642 2638 3707 Eutrop.

364 3721 446 3773 Vl
477 3724 569 3785 20,
599 3724 633 3773 3
669 3719 851 3787 primo
890 3719 1103 3789 proelio
1140 3720 1325 3773 uictus
1364 3723 1451 3772 est
1488 3724 1546 3772 et
1573 3720 1819 3788 fuga-tus,
1860 3720 2042 3772 euasit
2071 3722 2278 3783 tamen,
2317 3720 2640 3787 quianocte

352 3800 765 3852 interueniente
810 3798 1111 3868 Pompeius
1160 3800 1317 3868 sequi
1366 3800 1573 3866 noluit,
1622 3800 1876 3868 dixitque
1925 3798 2127 3852 Caesar
2173 3816 2276 3853 nee
2315 3800 2640 3867 Pompeium

352 3879 493 3932 scire
531 3879 755 3933 uincere
794 3882 851 3932 et
895 3878 996 3932 illo
1036 3881 1257 3933 tantum
1295 3880 1386 3933 die
1426 3896 1485 3933 se
1520 3880 1770 3949 potuisse
1810 3880 2078 3947 superari.
2165 3881 2250 3935 VI
2270 3885 2342 3933 24
2379 3880 2640 3933 ultimum

352 3960 665 4027 (proelium)
704 3960 853 4027 apud
893 3958 1161 4012 Mundam
1202 3960 1517 4023 ciuitatem,
1565 3960 1623 4012 in
1662 3977 1772 4027 quo
1811 3961 1951 4013 adeo
1991 3959 2193 4012 Caesar
2239 3976 2420 4027 paene
2457 3960 2640 4012 uictus

352 4042 455 4105 est,
492 4042 559 4091 ut
593 4038 943 4108 fugientibus
981 4040 1095 4093 suis
1136 4056 1191 4092 se
1228 4040 1472 4093 uoluerit
1511 4040 1777 4093 occidere.

496 4206 523 4253 1
564 4184 917 4253 materiesset
957 4200 1049 4265 M,
1105 4201 1233 4253 inde
1278 4200 1538 4256 materies
1588 4204 1736 4252 esset
1771 4202 2075 4253 Salmasius
2219 4206 2248 4253 3
2295 4202 2398 4251 hac
2440 4200 2641 4253 3113&ss

350 4286 383 4333 4
422 4279 791 4333 rebellantem
830 4280 1061 4349 Bentley
1108 4296 1227 4333 eum
1268 4281 1542 4347 Eutropio
1588 4288 1724 4333 reete
1757 4286 1892 4347 puto
2057 4287 2082 4333 7
2127 4285 2240 4332 tam
2281 4279 2546 4333 bellicoso
2590 4280 2637 4329 (τ’

352 4364 383 4411 8
432 4360 521 4430 ac]
561 4362 619 4412 et
659 4360 707 4413 G
874 4364 905 4412 9
953 4360 1011 4412 in
1058 4376 1157 4413 om.
1203 4361 1251 4413 G
1406 4358 1584 4412 africa
1624 4358 1794 4428 (affr-)
1841 4358 2004 4425 Y‘O²‚
2057 4376 2172 4411 -am
2213 4362 2301 4413 rel.
2471 4365 2534 4412 10
2582 4360 2638 4410 in

350 4448 469 4507 post
516 4439 775 4493 omnibus
821 4456 888 4493 88.
934 4438 1029 4495 M*
1218 4445 1283 4493 20
1333 4439 1672 4507 quinquiens
1723 4442 1781 4505 Γ,
1840 4439 2137 4509 quinquies
2185 4438 2529 4507 quinquenni
2575 4442 2646 4494 M

352 4521 499 4587 (inde
528 4519 913 4587 quinquennio
942 4524 993 4585 δ,
1024 4520 1079 4573 in
1100 4519 1329 4573 biennio
1352 4522 1563 4585 Baewm„
1593 4537 1815 4587 unoque
1847 4537 1991 4572 anno
2017 4521 2195 4588 Ona),
2229 4520 2526 4587 quinquies
2549 4522 2638 4574 rel.

2149 4608 2216 4660 2*
