3259 5209
1124 477 1457 534 TIBERJVS
1497 489 1627 539 [car.
1661 489 1836 538 ’το-’13]
2501 477 2627 543 159

330 642 607 706 militem
656 662 913 725 quoque
952 639 1190 706 Graece
1238 642 1453 706 testim
1463 642 1683 705 onium
1731 641 2200 728 interrogatum
2238 640 2364 706 nisi
2400 640 2629 705 Latine

330 749 718 833 respondere
766 747 990 813 uetuit.

514 855 628 920 Bis
666 857 927 920 omnino
968 859 1105 919 toto
1146 876 1426 919 secessus
1466 859 1756 939 tempore
1786 854 2058 919 Romam
2097 853 2302 920 redire
2341 859 2625 938 conatus,
2648 849 2736 917 72

334 963 533 1026 semel
599 961 849 1026 triremi
916 983 1119 1045 usque
1183 963 1261 1025 ad
1330 962 1660 1046 proximos
1724 960 2142 1026 naumachiae
2203 960 2430 1026 hortos
2485 961 2630 1024 sub-

275 1093 301 1132 5
334 1073 557 1133 uectus
615 1073 713 1132 est
766 1069 1079 1153 disposita
1124 1069 1401 1133 statione
1446 1092 1561 1155 per
1604 1069 1779 1152 ripas
1825 1067 2104 1151 Tiberis,
2161 1091 2322 1153 quae
2371 1068 2630 1133 obuiam

332 1175 712 1259 prodeuntis
758 1175 1187 1258 submoueret,
1235 1176 1471 1240 iterum
1507 1175 1726 1260 Appia
1771 1197 1976 1260 usque
2025 1176 2105 1240 ad
2151 1175 2496 1259 septimum
2541 1176 2629 1240 la-

332 1283 575 1366 pidem3
640 1281 751 1346 sed
811 1282 1169 1367 prospectis
1226 1282 1417 1348 modo
1483 1304 1601 1346 nec
1662 1283 1854 1347 aditis
1909 1281 2090 1348 urbis
2145 1281 2483 1347 moenibus
2537 1304 2630 1346 re-

334 1389 480 1467 diit,
537 1389 747 1472 primo
803 1389 1117 1460 incertum
1175 1412 1302 1473 qua
1357 1389 1435 1453 de
1490 1411 1707 1471 causa,
1762 1395 1987 1473 postea
2041 1392 2294 1456 ostento
2351 1388 2629 1453 territus.

334 1500 473 1559 era-t
529 1496 587 1559 ei
644 1496 711 1558 in
767 1495 1255 1561 oblectamentis
1312 1517 1571 1581 serpens
1637 1495 1858 1577 draco,
1919 1517 2106 1580 quem
2164 1518 2240 1560 ex
2298 1500 2632 1562 consuetu·
2669 1507 2700 1556 2

249 1627 305 1666 ιο
335 1603 485 1668 dine
528 1625 723 1668 manu
760 1625 878 1666 sua
912 1602 1239 1666 cibaturus
1261 1624 1422 1667 >cum
1460 1607 1912 1687 consumptum
1949 1623 1988 1666 a
2023 1603 2309 1669 formicis
2355 1602 2630 1667 inuenis-

334 1713 458 1792 set,
514 1709 799 1774 monitus
852 1715 949 1773 est
1000 1713 1077 1774 ut
1132 1711 1266 1774 uim
1322 1709 1758 1775 multitudinis
1814 1714 2085 1774 caueret.
2169 1710 2419 1774 rediens
2475 1731 2629 1795 ergo

334 1837 607 1900 propere
652 1813 1063 1900 Campaniam
1119 1815 1397 1881 Asturae
1453 1817 1519 1880 in
1576 1817 1951 1903 languorem
2001 1816 2256 1900 incidit,
2301 1839 2430 1900 quo
2476 1838 2631 1902 pau-

332 1923 469 1986 lum
515 1921 769 1986 leuatus
815 1921 1105 1988 Cerceios
1151 1924 1491 2008 pertendit.
1576 1945 1650 1989 ac
1694 1945 1774 1987 ne
1822 1945 2014 2007 quam
2061 1923 2490 2008 suspicionem
2538 1923 2632 1987 in-

335 2029 661 2094 firmitatis
720 2029 925 2113 daret,
982 2030 1413 2096 castrensibus
1466 2031 1636 2096 ludis
1687 2053 1818 2095 non
1867 2034 2117 2094 tantum
2165 2030 2476 2112 interfuit,
2523 2029 2632 2094 sed

252 2159 308 2200 15
336 2137 532 2200 etiam
570 2137 835 2200 missum
870 2137 938 2200 in
976 2135 1281 2202 harenam
1319 2160 1546 2222 aprum
1586 2136 1810 2201 iaculis
1841 2136 2114 2221 desuper
2149 2137 2339 2222 petit3
2385 2136 2632 2201 statim·

336 2264 461 2326 que
508 2243 707 2307 latere
754 2245 1063 2308 conuulso
1108 2248 1202 2328 et,
1259 2249 1333 2308 ut
1379 2247 1808 2328 exaestuaret,
1863 2243 2122 2308 afflatus
2177 2265 2332 2308 aura
2376 2243 2443 2307 in
2490 2264 2632 2328 gra-

336 2349 583 2415 uiorem
630 2349 857 2414 recidit
894 2347 1209 2415 morbum.
1284 2351 1674 2416 sustentauit
1709 2356 1924 2414 tamen
1961 2349 2377 2434 aliquamdiu,
2415 2372 2631 2433 quam·
2668 2361 2701 2408 3

336 2457 436 2520 uis
472 2455 792 2520 Misenum
832 2478 1031 2540 usque
1070 2457 1373 2523 deuectus
1410 2456 1575 2521 nihil
1612 2479 1691 2521 ex
1730 2457 1955 2522 ordine
1992 2457 2316 2522 cotidiano
2355 2463 2631 2541 praeter-

337 2563 653 2647 mitteret,
705 2585 787 2627 ne
843 2562 1144 2628 conuiuia
1200 2563 1455 2648 quidem
1511 2568 1623 2628 aut
1679 2568 1922 2628 ceteras
1977 2565 2346 2647 uoluptates
2393 2563 2630 2647 partim

252 2693 310 2734 no
337 2669 832 2754 intemperantia
894 2671 1130 2754 partim
1196 2669 1722 2736 dissimulatione.
1819 2693 1969 2734 nam
2037 2670 2374 2734 Chariclen
2438 2669 2632 2734 medi-

338 2797 512 2859 cum,
567 2775 739 2859 quod
792 2781 1154 2842 commeatu
1210 2777 1505 2842 afuturus
1562 2799 1597 2841 e
1645 2778 1946 2842 conuiuio
1995 2777 2326 2863 egrediens
2373 2799 2630 2840 manum

336 2881 464 2946 sibi
515 2881 845 2948 osculandi
902 2905 1093 2948 causa
1140 2883 1692 2968 apprehendisset,
1741 2884 2111 2948 existimans
2157 2887 2504 2967 temptatas
2549 2883 2630 2949 ab

336 3011 413 3054 eo
462 3011 677 3073 uenas,
721 3011 1047 3054 remanere
1094 3012 1168 3054 ac
1216 2991 1583 3055 recumbere
1627 2989 1924 3056 hortatus
1971 2994 2068 3054 est
2105 3011 2450 3073 cenamque
2487 3012 2632 3074 pro-

338 3097 553 3160 traxit.
634 3117 754 3162 nec
799 3096 1113 3163 abstinuit
1166 3094 1624 3162 consuetudine
1673 3099 1827 3181 quin
1883 3103 2038 3162 tunc
2084 3119 2340 3181 quoque
2386 3097 2631 3161 instans

256 3223 311 3265 25
338 3203 407 3266 in
452 3203 663 3268 medio
712 3204 995 3268 triclinio
1044 3210 1292 3268 astante
1338 3205 1564 3269 lictore
1612 3204 1902 3288 singulos
1950 3204 2164 3267 ualere
2212 3204 2480 3268 dicentis
2527 3225 2633 3287 ap·

336 3310 623 3394 pellaret.
708 3310 967 3376 interim
1022 3332 1167 3375 cum
1224 3311 1291 3374 in
1348 3312 1508 3375 actis
1564 3316 1826 3374 senatus
1891 3311 2153 3396 legisset
2208 3310 2504 3376 dimissos
2560 3331 2632 3374 ac
2646 3309 2684 3376 '7
2694 3309 2735 3375 3

340 3439 418 3481 ne
467 3416 719 3482 auditos
769 3417 1025 3502 quidem
1063 3418 1374 3501 quosdam
1423 3439 1585 3501 reone,
1630 3418 1708 3482 de
1757 3417 1991 3501 quibus
2037 3417 2313 3482 strictim
2361 3421 2426 3481 et
2469 3416 2634 3481 nihil

338 3522 514 3588 aliud
561 3545 752 3608 quam
798 3524 1165 3590 nominatos
1212 3525 1293 3588 ab
1340 3524 1550 3588 indice
1588 3525 1948 3609 scripserat,
1995 3547 2112 3608 pro
2151 3529 2520 3609 contempto
2567 3545 2634 3590 se

337 3630 633 3696 habitum
688 3631 967 3695 fremens
1030 3636 1314 3715 repetere
1374 3629 1650 3715 Capreas
1706 3653 1966 3714 quoquo
2023 3631 2214 3696 modo
2271 3631 2634 3713 destinauit,

258 3757 315 3797 ³0
340 3759 473 3802 non
518 3741 757 3805 temere
814 3739 1157 3821 quicquam
1212 3739 1340 3802 nisi
1396 3760 1474 3802 ex
1518 3741 1664 3802 tuto
1711 3759 2001 3801 ausurus
2085 3737 2196 3801 sed
2241 3738 2634 3821 tempestati-

338 3843 461 3908 bus
517 3848 583 3908 et
636 3845 1121 3930 ingrauescente
1175 3845 1243 3908 ui
1298 3844 1511 3909 morbi
1566 3848 1855 3907 retentus
1910 3843 2104 3928 paulo
2161 3847 2311 3928 post
2359 3843 2522 3908 obiit
2567 3843 2632 3906 in

337 3949 499 4014 uilla
552 3950 906 4016 Lucullana
962 3955 1190 4016 octauo
1250 3957 1314 4014 et
1368 3952 1840 4035 septuagesimo
1899 3950 2126 4013 aetatis
2181 3971 2375 4032 anne,
2440 3951 2633 4014 tertio

484 4123 547 4171 31
572 4135 694 4186 sqq.
718 4117 953 4187 Eutrop.
978 4119 1096 4172 VII
1112 4122 1243 4182 11,3
1273 4117 1438 4170 tertio
1462 4119 1518 4169 et
1540 4117 1810 4170 uicesimo
1831 4116 2054 4185 imperii
2084 4132 2247 4184 anne,
2277 4116 2482 4169 aeta-tis
2512 4133 2634 4184 sep-

485 4268 515 4313 2
554 4259 739 4313 uoluit
765 4262 826 4312 H
834 4301 847 4325 ‚
893 4259 1141 4312 uetuerit
1170 4261 1403 4329 Bentley
1584 4265 1615 4312 ὁ
1656 4262 1741 4312 est
1778 4259 1879 4314 del.
1912 4259 2056 4312 Roth
2237 4263 2267 4310 8
2306 4259 2550 4326 primum
2579 4259 2635 4313 R

341 4347 373 4394 9
412 4341 463 4396 ei
494 4358 593 4395 om.
629 4341 701 4394 M
808 4343 873 4392 12
912 4339 970 4391 in
996 4339 1190 4408 camp.
1222 4340 1530 4408 Stephanus
1640 4340 1832 4392 statim
1855 4347 1980 4406 post
2011 4340 2248 4392 Asturae
2281 4338 2408 4392 add.
2441 4338 2638 4394 POST

342 4427 407 4474 13
448 4419 682 4474 circeios
718 4422 861 4488 (cyr-
883 4421 955 4487 L)
989 4419 1153 4489 GXQ
1186 4421 1274 4487 (cf.
1307 4425 1451 4489 Any.
1484 4423 1575 4488 16)
1726 4425 1789 4471 15
1829 4418 1996 4488 petiit
2039 4422 2085 4472 Τ
2230 4422 2292 4470 19
2331 4417 2634 4486 perintem-

338 4527 601 4597 perantia
632 4526 744 4592 M1,
788 4501 1324 4594 parintirff‘perantia
1361 4527 1477 4595 (sic)
1511 4528 1581 4580 M
1586 4526 1606 4556 ²
1738 4531 1805 4578 25
1845 4524 2080 4594 singulis
2114 4523 2256 4579 MX‘
2396 4523 2634 4577 dicentis

342 4607 650 4672 MVL¹P¹‚
691 4605 943 4660 dicentes
972 4609 1073 4674 (-te
1098 4607 1173 4674 T)
1202 4608 1295 4660 rel.
1328 4613 1377 4659 et
1397 4605 1555 4660 L³P²
1667 4611 1733 4658 30
1773 4605 1868 4658 sed
1909 4609 1964 4658 et
1986 4623 2018 4664 ς
2057 4605 2155 4673 (ecl.
2179 4605 2336 4658 Rom.
2359 4605 2442 4668 II,
2463 4606 2636 4674 παῖς.)
