3259 5209
1129 459 1461 514 TIBERIVS
1500 471 1630 520 [cn.
1663 470 1838 519 28—32]
2501 457 2622 520 137

324 621 579 684 decerni
635 644 715 686 ne
764 628 1025 705 questus
1076 624 1333 708 quidem
1381 628 1495 688 est.
1576 627 1853 708 negante
1897 643 1974 686 eo
2023 621 2376 686 destinatos
2424 621 2624 705 magi-

324 731 565 792 stratus
620 728 841 793 abesse
898 735 1221 814 oportere,
1286 735 1360 794 ut
1412 733 1778 814 praesentes
1832 728 2066 792 honori
2125 728 2628 811 adquiescerent,

321 840 587 917 praetor
658 835 1029 920 designatus
1100 835 1371 901 liberam
1443 836 1834 922 legationem
1899 836 2288 919 impetrauit.
2390 835 2624 897 iterum

326 945 645 1024 censente,
688 948 764 1006 ut
808 939 1141 1007 Trebianis
1186 944 1467 1029 lega-tam
1514 944 1581 1006 in
1620 963 1786 1027 opus
1821 942 1978 1006 noui
2013 943 2250 1005 theatri
2286 941 2624 1025 pecuniam

266 1073 293 1112 ⁵
324 1047 405 1110 ad
454 1049 879 1113 munitionem
923 1051 1066 1115 uiae
1112 1051 1459 1114 transferre
1498 1049 1970 1132 concederetur,
2019 1049 2308 1133 optinere
2345 1069 2476 1112 non
2513 1069 2626 1131 po-

324 1154 455 1216 tuit
520 1154 677 1238 quin
740 1159 880 1220 rata
942 1157 1244 1221 uoluntas
1308 1156 1617 1242 legatoris
1683 1160 1866 1220 esset.
1950 1177 2096 1220 cum
2163 1160 2420 1218 senatus
2479 1175 2622 1218 con—

325 1259 571 1324 sultum
619 1281 735 1346 per
782 1261 1233 1328 discessionem
1280 1263 1448 1328 forte
1494 1263 1696 1346 fieret,
1741 1267 2182 1327 transeuntem
2229 1283 2376 1326 eum
2425 1261 2490 1323 in
2538 1259 2624 1324 al-

324 1371 531 1432 teram
578 1373 847 1454 partem,
892 1371 961 1434 in
1008 1392 1134 1454 qua
1178 1370 1515 1454 pauciores
1562 1374 1763 1450 erant,
1811 1376 2066 1434 secutus
2114 1373 2212 1432 est
2257 1388 2464 1432 nem0.

510 1473 737 1539 Cetera
782 1497 1038 1560 quoque
1082 1499 1215 1541 non
1250 1477 1373 1540 nisi
1413 1499 1528 1560 per
1564 1475 1984 1562 magistratus
2023 1478 2089 1539 et
2125 1475 2262 1539 iure
2301 1474 2624 1539 ordinario
2665 1487 2698 1534 2

238 1607 297 1646 ιο
326 1579 711 1666 agebantur,
774 1587 957 1648 tanta
1012 1584 1349 1648 consulum
1416 1582 1823 1664 auctoritate,
1889 1587 1962 1646 ut
2016 1582 2212 1667 legati
2279 1603 2354 1644 ex
2402 1579 2626 1646 Africa

326 1687 607 1752 adierint
660 1711 771 1754 eos
831 1696 1195 1775 querenteS,
1260 1689 1432 1754 trahi
1498 1711 1563 1754 se
1620 1712 1659 1753 a
1716 1688 1984 1754 Caesare
2049 1689 2130 1752 ad
2187 1710 2379 1772 quem
2447 1687 2626 1752 missi

326 1795 559 1859 forent.
630 1817 748 1859 nec
802 1797 1065 1882 mirum,
1122 1819 1267 1862 cum
1315 1797 1527 1882 palam
1577 1803 1769 1879 esset,
1824 1796 2038 1880 ipsum
2087 1816 2341 1880 quoque
2387 1795 2627 1859 eisdem

327 1906 395 1964 et
440 1923 772 1988 assurgere
818 1907 885 1967 et
928 1904 1229 1968 decedere
1274 1905 1399 1968 uia.
1486 1903 1801 1987 corripuit
1838 1903 2203 1967 consulares
2241 1901 2627 1966 exercitibus
2644 1895 2736 1962 32

328 2009 750 2094 praepositOS,
788 2011 961 2093 quod
996 2032 1127 2075 non
1166 2010 1242 2074 de
1281 2011 1471 2075 rebus
1507 2011 1708 2097 gestis
1747 2011 1998 2074 senatui
2035 2009 2390 2076 scriberent
2427 2007 2628 2092 quod-

242 2138 297 2179 ιε,
332 2135 457 2198 que
512 2115 589 2178 de
646 2115 1006 2181 tribuendis
1064 2117 1447 2200 quibusdam
1502 2116 1896 2181 militaribus
1951 2117 2138 2182 donis
2195 2115 2276 2180 ad
2324 2137 2390 2179 se
2436 2115 2626 2178 refer-

330 2227 502 2308 rent,
566 2223 749 2306 quasi
822 2244 953 2287 non
1018 2224 1307 2288 omnium
1373 2223 1863 2288 tribuendorum
1939 2223 2063 2308 ipsi
2135 2223 2234 2287 ius
2300 2222 2626 2286 haberent.

328 2334 691 2414 praetorem
730 2329 1159 2414 conlaudauit,
1206 2330 1379 2413 quod
1414 2330 1659 2394 honore
1699 2331 1860 2395 inito
1901 2328 2430 2394 consuetudinem
2468 2328 2626 2392 anti-

333 2457 525 2521 quam
589 2435 1031 2518 ret<t>ulisset
1094 2437 1171 2500 de
1234 2436 1591 2502 maioribus
1659 2437 1792 2501 suis
1859 2458 1978 2520 pro
2035 2436 2336 2500 contione
2392 2457 2630 2499 memo-

330 2542 532 2606 randi.
616 2543 1018 2626 quorundam
1073 2543 1425 2608 illustrium
1482 2542 1784 2626 exequias
1841 2563 2046 2626 usque
2103 2543 2185 2606 ad
2231 2563 2462 2628 rogum
2509 2541 2630 2605 fie—

244 2669 303 2708 20
336 2649 687 2732 quentauit.

512 2755 740 2820 Parem
796 2756 1301 2821 moderationem
1362 2756 1722 2822 minoribus
1780 2777 2034 2841 quoque
2091 2762 2156 2821 et
2210 2756 2500 2839 personis
2567 2760 2631 2820 et
2669 2768 2701 2814 2

334 2862 527 2926 rebus
584 2862 892 2927 exhibuit.
977 2885 1123 2928 cum
1179 2863 1583 2927 Rhodiorum
1643 2865 2087 2950 magistratus,
2154 2863 2326 2946 quod
2380 2862 2630 2926 litteras

335 2968 627 3052 publicas
666 2970 803 3035 sine
842 2970 1316 3054 subscriptione
1352 2969 1435 3033 ad
1472 2991 1539 3034 se
1577 2969 1901 3053 dederant,
1939 2974 2284 3050 euocasset,
2321 2990 2400 3032 ne
2429 2968 2630 3032 uerbo

337 3075 595 3157 quidem
644 3075 992 3140 insectatus
1038 3098 1111 3140 ac
1156 3080 1409 3139 tantum
1448 3075 1641 3140 modo
1681 3076 1887 3140 iussos
1927 3074 2329 3139 subscribere
2365 3075 2631 3139 remisit.

250 3199 307 3242 π
340 3181 664 3268 Diogenes
711 3181 1198 3267 grammaticus,
1245 3182 1573 3267 disputare
1620 3181 1904 3246 sabbatis
1952 3181 2166 3245 Rhodi
2215 3182 2469 3265 solitus,
2525 3203 2631 3246 ue-

336 3289 619 3353 nientem
666 3310 833 3371 eum,
877 3291 951 3352 ut
997 3311 1063 3352 se
1109 3294 1291 3353 extra
1336 3288 1623 3354 ordinem
1673 3289 1947 3373 audiret,
1993 3310 2126 3352 non
2171 3288 2514 3352 admiserat
2561 3309 2635 3352 ac

337 3417 451 3479 per
506 3395 831 3460 seruolum
887 3418 1074 3459 suum
1131 3396 1197 3458 in
1255 3396 1599 3478 septimum
1659 3395 1827 3458 diem
1876 3395 2234 3478 distulerat3
2289 3395 2461 3459 hunc
2507 3393 2634 3460 Ro-

338 3523 479 3565 mae
525 3501 845 3566 salutandi
892 3502 993 3566 sui
1040 3524 1231 3566 causa
1276 3524 1393 3587 pro
1444 3502 1696 3566 foribus
1744 3502 2100 3566 adstantem
2147 3502 2310 3566 nihil
2358 3502 2634 3586 amplius

338 3629 532 3691 quam
569 3612 644 3672 ut
679 3613 828 3692 post
863 3609 1211 3692 septimum
1247 3631 1486 3673 annum
1524 3609 1763 3672 rediret
1800 3609 2152 3672 admonuit.
2235 3609 2636 3692 praesidibus

484 3787 549 3836 29
590 3785 680 3852 (cf.
704 3787 791 3854 21)
826 3783 975 3838 Oros.
1008 3784 1133 3837 VII
1152 3789 1257 3850 4,4
1294 3783 1540 3853 plurima
1577 3783 1799 3852 imperii
1848 3783 1934 3836 sui
1970 3787 2133 3852 parte
2171 3800 2298 3836 cum
2333 3801 2543 3854 magna
2580 3787 2638 3838 et

339 3879 481 3934 grau
517 3862 797 3917 modestia
842 3863 923 3917 rei
960 3863 1227 3934 publicae
1272 3863 1547 3932 praefuit,
1596 3863 1736 3916 adeo
1784 3867 1850 3917 ut
1896 3863 2234 3930 quibusdam
2281 3865 2636 3932 praesidibus

339 3943 605 4014 augenda
639 3943 949 4012 prouinciis
986 3941 1201 3997 tributa
1240 3943 1605 3997 suadentibus
1637 3942 1922 4012 scripserit
1962 3944 2119 3998 ‘boni
2142 3976 2206 3984 -
2230 3943 2575 4014 deglubere’.

486 4109 517 4156 2
557 4103 753 4158 abesse
792 4121 825 4162 ς
862 4105 966 4172 (ed.
1000 4104 1126 4158 Vcn.
1151 4105 1188 4156 I
1192 4107 1228 4172 ),
1268 4102 1463 4156 adesse
1494 4105 1544 4154 ,Ω
1583 4109 1631 4156 et
1668 4105 1747 4158 sic
1783 4105 2015 4172 Bentley
2053 4105 2228 4174 legens
2265 4108 2499 4173 rogante
2533 4121 2638 4172 pro

340 4186 585 4254 negante
696 4182 1092 4238 adsuescerent
1112 4185 1361 4254 Bentley,
1380 4184 1573 4237 Duker
1683 4188 1714 4234 3
1744 4183 2046 4252 imperauit
2071 4185 2142 4238 M
2155 4183 2202 4236 V
2304 4190 2336 4236 4
2375 4183 2635 4236 tribianis

353 4264 413 4329 V,
452 4263 698 4318 trebiani
726 4263 797 4331 R,
835 4262 1109 4317 Trebanis
1140 4265 1371 4332 Bentley
1492 4267 1523 4314 5
1555 4262 1797 4316 obtineri
1822 4264 2051 4318 Cas-aab.
2174 4264 2362 4332 potuit
2387 4262 2637 4330 Y'P²L⁸,

341 4343 502 4412 potui
518 4344 567 4396 V
580 4345 643 4396 in
660 4343 1193 4413 mar9.,optinuitM
1203 4345 1265 4410 V,
1274 4340 1521 4397 obtinuit
1537 4343 1644 4396 GL
1655 4342 1729 4396 ¹P
1737 4344 1750 4373 ¹
1824 4348 1854 4395 6
1873 4345 1939 4395 ἐἶ
1953 4343 2022 4395 Μ
2095 4349 2160 4395 16
2181 4343 2452 4396 referrent
2468 4343 2636 4409 T‘P2,

339 4423 553 4476 ferrent
579 4423 671 4478 rel.
789 4429 851 4477 16
884 4423 995 4493 ipsi
1025 4424 1112 4476 ius
1139 4422 1537 4493 QV‘L2P2T3,
1565 4423 1744 4491 ipsius
1769 4425 1893 4477 ΜΘ
1907 4422 2224 4492 V¹(P¹?)S,
2253 4423 2360 4491 ipsi
2393 4424 2486 4487 L¹‚
2515 4423 2636 4491 ipse

340 4503 429 4556 ius
457 4510 505 4558 et
534 4509 649 4557 tum
677 4503 913 4557 haberet
928 4505 1037 4558 HR
1150 4509 1215 4556 18
1255 4503 1577 4557 conditione
1602 4506 1652 4556 Y
1757 4509 1824 4554 24
1864 4519 1929 4556 ac
1957 4504 2135 4556 abesse
2164 4505 2377 4557 vanu-ult
2412 4505 2565 4558 Torr.

342 4582 493 4636 iusso
526 4585 613 4648 M,
649 4583 807 4636 iussu
830 4584 917 4638 Ga
1028 4588 1093 4636 ⁴28
1123 4586 1435 4637 aestantem
1459 4583 1570 4649 M¹‚
1611 4587 1751 4635 asst·
1777 4584 1826 4636 G
1937 4589 2004 4634 29
2033 4587 2098 4636 ut
2125 4584 2224 4635 del.
2259 4585 2489 4653 Bentley
