3259 5209
1006 405 1221 459 DIVVS
1261 405 1615 459 CLAVDIVS
1656 417 1788 466 [cae.
1820 418 1995 466 εει-22]
2489 406 2619 470 215

319 568 537 651 coepit
575 567 950 651 sportulam,
995 569 1147 650 quia
1182 569 1460 652 primum
1501 569 1897 654 daturu[m]s
1936 569 2241 652 edixerat,
2282 568 2497 632 uelut
2532 569 2622 632 ad

319 674 664 738 subitam
702 675 1287 758 condictamque
1333 675 1677 740 cenulam
1726 675 2067 740 inuitare
2116 697 2193 739 se
2239 675 2620 759 populum.

317 803 440 844 nec
477 781 612 845 ullo
652 781 998 864 spectaculi
1035 802 1266 867 genere
1304 782 1709 846 communior
1744 787 1857 846 aut
1895 782 2227 847 remissior
2263 786 2417 866 erat,
2464 782 2621 846 adeo
2661 799 2692 846 5

319 893 400 952 ut
423 888 676 950 oblatos
714 886 1070 951 uictoribus
1108 909 1335 952 aureos
1373 887 1624 972 prolata
1663 889 1926 952 sinistra
1967 889 2211 972 pariter
2247 910 2393 952 cum
2420 888 2620 976 uulgo

268 1017 293 1057 5
323 1015 488 1059 uoce
534 993 884 1081 digitisque
937 999 1304 1058 numeraret
1357 1015 1432 1058 ac
1477 1015 1667 1078 saepe
1713 993 2033 1059 hortando
2080 995 2495 1082 rogandoque
2541 995 2623 1058 ad

319 1101 720 1164 hilaritatem
748 1099 1040 1164 homines
1076 1104 1475 1184 prouocaret,
1513 1099 1865 1163 dominos
1895 1099 2245 1164 identidem
2273 1100 2621 1184 appellanS,

321 1207 639 1270 immixtis
695 1206 1018 1270 interdum
1073 1205 1328 1292 frigidis
1393 1209 1458 1270 et
1511 1205 1837 1270 arcessitis
1894 1205 2081 1290 iocis;
2139 1205 2348 1290 qualis
2404 1211 2504 1270 est
2548 1211 2623 1270 ut

321 1335 470 1377 cum
507 1313 894 1377 Palumbum
935 1312 1415 1396 postulantibus
1453 1313 1755 1376 daturum
1794 1333 1861 1376 se
1891 1313 2212 1396 promisit,
2249 1313 2315 1376 si
2352 1317 2619 1397 captus

321 1424 544 1484 esset.
628 1419 790 1484 illud
826 1419 1014 1503 plane
1052 1419 1467 1503 quantumuis
1506 1419 1853 1483 salubriter
1890 1423 1955 1482 et
2005 1420 2071 1484 in
2111 1423 2425 1504 tempore:
2473 1442 2619 1484 cum

243 1550 294 1590 ιο
324 1526 676 1610 essedario,
738 1547 854 1609 pro
915 1547 1044 1609 quo
1105 1529 1412 1608 quattuor
1470 1525 1563 1588 fili
1627 1526 2159 1610 deprecabantur,
2205 1549 2441 1612 magno
2488 1548 2619 1591 om-

323 1633 510 1696 nium
557 1633 780 1696 fauore
823 1633 1196 1696 indulsisset
1241 1632 1483 1717 rudem,
1529 1632 1817 1696 tabulam
1866 1633 2015 1696 ilico
2052 1633 2235 1696 misit
2271 1633 2621 1697 admonens

323 1739 660 1824 populum,
698 1743 982 1823 quanto
1021 1760 1247 1822 opere
1283 1737 1574 1802 liberos
1624 1740 2017 1822 suscipere
2058 1738 2393 1822 deberet,
2432 1761 2619 1823 quos

325 1846 629 1910 uideret
667 1849 740 1909 et
775 1844 1201 1932 gladiatori
1236 1845 1624 1929 praesidio
1656 1846 2109 1930 gratiaeque
2146 1867 2326 1910 esse.
2418 1845 2621 1910 edidit
2657 1865 2689 1912 e

327 1957 392 2016 et
440 1953 506 2015 in
545 1951 782 2016 Martio
821 1973 1044 2035 campo
1093 1952 1632 2038 expugnationem
1682 1953 2233 2036 direptionemque
2272 1952 2493 2036 oppidi
2540 1953 2620 2016 ad

237 2082 290 2121 ιε,
329 2059 675 2144 imaginem
706 2058 1000 2123 bellicam
1028 2063 1092 2122 et
1111 2058 1498 2123 deditionem
1521 2057 1894 2123 Britanniae
1923 2081 2148 2144 regum
2174 2059 2619 2143 praeseditque

326 2165 688 2248 paludatus,
772 2166 929 2249 quin
991 2169 1054 2229 et
1117 2165 1468 2229 emissurus
1529 2164 1844 2229 Fucinum
1899 2165 2111 2230 lacum
2172 2164 2618 2229 naumachiam

325 2277 474 2336 ante
512 2271 853 2337 commisit.
937 2272 1051 2335 sed
1087 2293 1231 2335 cum
1268 2270 1820 2355 proclamantibus
1856 2271 2381 2336 naumachiariis:
2427 2271 2619 2336 haue

326 2379 774 2462 imperator,
822 2379 1180 2442 morituri
1227 2382 1298 2441 te
1337 2379 1707 2443 salutant!
1758 2379 2220 2462 respondisset:
2268 2383 2399 2442 aut
2443 2379 2615 2442 non!

324 2507 532 2570 neque
579 2489 728 2569 post
772 2484 940 2548 hanc
983 2505 1208 2550 uocem
1256 2484 1442 2568 quasi
1485 2484 1675 2549 uenia
1731 2486 1879 2548 data
1927 2485 2269 2568 quisquam
2318 2485 2620 2550 dimicare

235 2615 292 2654 20
324 2593 544 2676 uellet,
592 2592 701 2656 diu
749 2595 1082 2655 cunctatus
1129 2614 1210 2655 an
1263 2613 1484 2656 omnes
1533 2591 1671 2678 igni
1710 2591 2009 2675 ferroque
2056 2591 2437 2674 absumeret,
2482 2596 2619 2656 tan-

325 2699 469 2762 dem
516 2719 550 2762 e
599 2698 746 2762 sede
811 2720 928 2763 sua
988 2699 1292 2782 prosiluit
1355 2720 1429 2762 ac
1490 2719 1606 2782 per
1670 2698 1989 2762 ambitum
2052 2698 2229 2762 lacus
2288 2720 2420 2762 non
2480 2699 2618 2763 sine

325 2803 512 2869 foeda
566 2804 978 2869 uacillatione
1035 2805 1396 2868 discurrens
1450 2806 1689 2888 partim
1747 2806 2051 2870 minando
2106 2805 2343 2888 partim
2390 2805 2619 2868 adhor-

325 2912 522 2975 tando
569 2911 652 2974 ad
694 2933 979 2998 pugnam
1026 2910 1352 2994 compulit.
1436 2911 1558 2975 hoc
1605 2911 1971 2994 spectaculo
2021 2910 2244 2975 classis
2285 2909 2499 2974 Sicula
2555 2915 2619 2974 et

321 3017 578 3081 Rhodia
641 3023 1131 3102 concurrerunt,
1203 3019 1638 3082 duodenarum
1707 3019 2068 3082 triremium
2134 3017 2451 3102 singulae,
2517 3038 2616 3080 ex-

233 3145 291 3185 25
321 3127 526 3188 ciente
572 3123 806 3188 bucina
853 3124 1118 3188 Tritone
1164 3128 1486 3210 argenteo,
1535 3127 1647 3208 qui
1693 3146 1727 3188 e
1776 3126 1984 3189 medio
2033 3125 2175 3188 lacu
2223 3146 2337 3208 per
2382 3125 2615 3188 machi-

321 3253 470 3294 nam
519 3236 879 3295 emerserat.

499 3335 824 3413 Quaedam
869 3340 1038 3402 circa
1084 3338 1503 3402 caerimonias
1550 3338 1939 3420 ciuilemque
1986 3343 2049 3401 et
2090 3337 2434 3402 militarem
2482 3359 2613 3402 mo·
2635 3336 2721 3402 22

321 3465 481 3528 rem,
541 3445 696 3508 item
755 3445 922 3508 circa
976 3445 1262 3508 omnium
1313 3446 1611 3509 ordinum
1660 3449 1899 3508 statum
1948 3445 2121 3508 domi
2169 3443 2458 3527 forisque
2503 3449 2615 3508 aut

465 3653 490 3698 1
535 3645 769 3699 daturus
809 3646 1062 3701 edixerat
1087 3648 1166 3700 ed.
1198 3648 1569 3711 Basil.1533,
1610 3646 1875 3700 daturum
1914 3663 1973 3700 se
2002 3646 2221 3700 dixerat
2252 3646 2530 3715 (dixerant
2553 3649 2615 3712 T,

322 3726 588 3779 daturum
624 3743 691 3780 ss.
723 3728 782 3779 in
825 3728 896 3793 R)
927 3730 978 3779 Ω
1097 3733 1128 3780 2
1169 3727 1492 3793 dictamque
1528 3729 1574 3778 Τ
1692 3732 1718 3779 7
1761 3727 2048 3780 accersitis
2082 3727 2421 3797 GH¹QPST
2535 3725 2614 3780 lo-

320 3807 399 3858 cis
434 3806 616 3860 MGX
649 3811 802 3874 (corr.
833 3806 920 3874 S’)
1083 3807 1266 3874 qualis
1314 3808 1399 3860 est
1433 3815 1740 3875 suspectum
1778 3808 2027 3860 Bentleio
2192 3809 2254 3858 ut
2292 3823 2390 3860 om.
2423 3824 2473 3870 ς,
2512 3808 2612 3859 del.

317 3887 496 3952 neulti,
531 3885 626 3938 uel
653 3887 920 3941 Bt’t'cheler
1027 3893 1056 3940 9
1089 3903 1310 3954 quoque
1337 3893 1456 3953 post
1484 3887 1627 3939 illud
1658 3888 1785 3940 add.
1818 3890 1877 3940 Π
1903 3888 2093 3956 (uuly.)
2208 3892 2271 3941 12
2312 3885 2517 3942 debere
2546 3887 2623 3942 M

321 3973 386 4018 15
427 3966 734 4020 editionem
766 3969 894 4020 MX
1033 3973 1096 4020 17
1138 3983 1241 4020 aue
1285 3967 1538 4036 HQLST
1670 3967 1978 4034 imperator
2014 3983 2113 4020 om.
2146 3966 2307 4019 LPT
2342 3968 2472 4033 (uox
2511 3981 2615 4019 aue

317 4049 378 4099 in
411 4047 462 4100 L
489 4063 707 4100 uersum
734 4053 786 4101 et
805 4049 1076 4116 payinam
1102 4048 1332 4103 claudit)
1464 4053 1527 4098 18
1559 4049 1750 4100 autem
1779 4063 1891 4100 non
1919 4048 1975 4113 S,
2007 4063 2079 4098 an
2106 4063 2217 4099 non
2243 4047 2311 4110 G,
2340 4050 2401 4098 at
2428 4063 2540 4098 non
2566 4067 2614 4111 ρ,

318 4129 484 4180 auete
521 4144 622 4180 uos
651 4143 684 4186 ς
833 4132 896 4180 19
935 4126 1172 4194 posthac
1205 4127 1256 4180 G
1401 4132 1468 4179 20
1507 4127 1720 4179 uellent
1752 4129 1825 4180 M
1835 4127 1885 4180 G
1900 4127 1977 4179 Πι
2014 4129 2071 4194 (n
2110 4127 2171 4178 in
2205 4126 2256 4179 G
2292 4143 2359 4180 ss.
2390 4144 2457 4177 m.
2490 4129 2541 4193 1)

318 4207 531 4260 omines
570 4209 625 4274 (a
671 4207 896 4260 nomine
939 4207 1105 4274 signi)
1139 4208 1206 4258 M
1211 4248 1228 4271 ,
1274 4207 1526 4259 homines
1557 4211 1630 4272 X,
1681 4206 1861 4259 omnis
1894 4208 2034 4261 Roth
2218 4211 2279 4258 21
2332 4205 2615 4273 prosiliuit

317 4286 471 4340 H⁸S¹
642 4293 709 4339 22
747 4286 1112 4340 bacillatione
1137 4290 1206 4350 Ω,
1243 4304 1378 4340 corr.
1410 4303 1442 4345 ς
1591 4287 1871 4340 hortando
1906 4287 1955 4340 G
2103 4292 2169 4338 23
2209 4285 2413 4338 classes
2444 4287 2615 4338 Bent—

318 4368 401 4436 ley
528 4371 586 4420 et
613 4367 837 4421 Rhodia
864 4385 964 4420 om.
1000 4367 1050 4420 G
1195 4373 1262 4418 24
1301 4367 1825 4434 quinquagenarum
1857 4367 2109 4430 Casa-ub„
2147 4367 2403 4419 lammam
2438 4371 2615 4418 statu-

317 4453 418 4500 unt
457 4449 563 4502 alii
777 4447 1027 4500 exciente
1059 4449 1196 4514 HR,
1235 4447 1472 4500 eiciente
1512 4447 1657 4515 ‹eiti—
1692 4446 1762 4512 G)
1804 4448 1892 4500 rel.
1927 4449 2120 4515 (ortu-m
2160 4463 2226 4499 ex
2272 4448 2328 4497 et
2367 4445 2548 4498 ciente
2563 4443 2613 4512 .9)

317 4533 384 4579 25
425 4527 688 4580 bucinam
720 4531 777 4579 X
