3259 5209
1169 437 1409 493 GALBA
1447 449 1578 499 [cn.
1610 451 1787 500 14—-181
2498 439 2625 503 281

331 603 662 666 curatione
723 601 1118 686 amplissima
1176 602 1462 685 ornauit,
1519 623 1641 686 pro
1698 601 2007 686 Tigillino
2070 603 2263 666 etiam
2326 603 2633 667 saeuitiae

330 709 646 793 populum
694 708 903 773 edicto
951 709 1289 792 increpuit.

513 814 636 879 Per
679 815 837 879 haec
871 835 1074 899 prope
1109 815 1428 880 uniuersis
1466 813 1799 879 ordinibus
1836 815 2097 880 offensis
2140 815 2249 881 uel
2285 816 2630 900 praecipua
2647 813 2740 882 16

332 922 648 1008 flagrabat
694 921 941 986 inuidia
991 920 1163 1006 apud
1217 921 1472 986 milites.
1555 943 1707 986 nam
1764 939 1909 987 cum
1968 923 2035 986 in
2089 921 2289 986 uerba
2342 923 2479 986 eius
2524 921 2631 986 ab·

277 1055 304 1094 a
333 1031 533 1093 sentis
569 1029 933 1094 iurantibus
970 1027 1344 1093 donatiuum
1383 1027 1691 1114 grandius
1729 1029 1921 1093 solito
1964 1030 2315 1113 praepositi
2352 1049 2629 1113 pronun-

337 1136 623 1219 tiassent,
667 1157 875 1219 neque
919 1139 1126 1200 ratam
1171 1155 1306 1200 rem
1353 1134 1583 1200 habuit
1627 1139 1693 1200 et
1739 1134 2009 1201 subinde
2064 1135 2332 1200 iactauit
2376 1135 2632 1220 legere

333 1265 410 1306 se
457 1241 810 1322 militem,
865 1263 1016 1306 non
1060 1263 1304 1306 emere
1350 1263 1786 1327 consuess03
1852 1246 2045 1326 atque
2090 1261 2166 1307 eo
2214 1241 2471 1326 quidem
2518 1263 2631 1307 no-

334 1349 506 1413 mine
526 1349 752 1431 omnis,
782 1349 894 1433 qui
922 1348 1158 1432 ubique
1179 1353 1376 1432 eraut,
1405 1349 1829 1413 exacerbauit.
1878 1353 2159 1414 ceterum
2188 1348 2631 1433 praetorianos

333 1457 528 1520 etiam
569 1459 743 1519 metu
773 1460 836 1519 et
873 1454 1257 1541 indignitate
1296 1455 1670 1539 commouit,
1706 1477 2047 1520 remouens
2084 1455 2355 1520 subinde
2390 1455 2631 1539 pleros-

251 1587 306 1627 ιο
334 1583 459 1646 que
493 1565 568 1625 ut
614 1567 942 1645 suspectos
989 1567 1054 1626 et
1098 1559 1458 1646 Nymphidi
1505 1563 1730 1627 socios.
1833 1563 1944 1627 sed
1990 1563 2269 1627 maxime
2316 1562 2631 1628 fremebat
2669 1580 2702 1627 2

333 1668 683 1752 superioris
743 1667 1118 1734 Germaniae
1177 1671 1494 1734 exercitus
1551 1669 1836 1752 fraudari
1900 1692 1966 1733 se
2024 1670 2300 1754 praemis
2360 1674 2631 1734 nauatae

334 1775 640 1839 aduersus
689 1773 906 1840 Gallos
965 1781 1031 1839 et
1077 1775 1412 1842 Vindicem
1471 1795 1717 1860 operae.
1802 1797 1957 1863 ergo
2012 1777 2207 1861 primi
2254 1771 2630 1860 obsequium

334 1902 632 1966 rumpere
668 1885 808 1947 ausi
845 1882 987 1946 Kal.
1016 1880 1147 1946 Ian.
1185 1882 1358 1968 adigi
1399 1887 1794 1947 sacramento
1830 1883 1953 1948 nisi
1996 1883 2063 1946 in
2101 1903 2333 1949 nomen
2372 1886 2631 1946 senatus

334 1993 708 2053 recusarunt
743 1991 1090 2072 statimque
1126 1989 1512 2076 legationem
1547 1991 1626 2054 ad
1665 1989 2105 2073 praetorianos
2133 2010 2278 2054 cum
2310 1987 2629 2054 mandatis

251 2120 306 2160 15
335 2095 842 2160 destinauerunt:
888 2096 1304 2181 displicere
1352 2097 1894 2181 imperatorem
1943 2098 2017 2161 in
2057 2096 2436 2180 Hispania
2476 2094 2629 2159 fac-

336 2207 521 2288 tum3
583 2202 966 2288 eligerent
1029 2203 1180 2286 ipsi
1245 2226 1460 2287 quem
1530 2205 1787 2269 cuncti
1854 2203 2241 2268 exercitus
2297 2223 2629 2286 compro·

335 2309 619 2374 barent.
703 2309 876 2393 quod
903 2314 978 2374 ut
1007 2311 1376 2375 nuntiatum
1405 2315 1517 2392 est,
1565 2310 1889 2394 despectui
1929 2331 2065 2374 esse
2092 2331 2225 2374 non
2253 2314 2387 2374 tam
2415 2330 2626 2373 senec-
2646 2309 2733 2375 17

336 2421 466 2481 tam
515 2435 696 2480 suam
745 2438 936 2501 quam
982 2415 1323 2482 orbitatem
1369 2422 1574 2498 ratus,
1627 2415 1932 2480 Pisonem
1978 2415 2177 2501 Frugi
2224 2416 2629 2481 Licinianum

335 2522 616 2587 nobilem
647 2524 1104 2609 egregiumque
1133 2525 1428 2587 iuuenem
1458 2543 1533 2587 ac
1561 2523 1684 2587 sibi
1706 2523 1861 2587 olim
1891 2522 2419 2606 probatissimum
2441 2525 2630 2586 testa·

253 2652 310 2691 20
339 2633 682 2712 mentoque
717 2650 970 2713 semper
1005 2629 1073 2692 in
1109 2629 1279 2693 bona
1314 2635 1380 2693 et
1414 2651 1653 2695 nomen
1690 2629 2005 2694 adscitum
2047 2635 2311 2714 repente
2350 2652 2385 2693 e
2420 2630 2631 2694 media

335 2736 753 2800 salutantium
790 2735 980 2800 turba
1015 2736 1434 2819 adprehendit
1470 2736 1803 2820 filiumque
1842 2737 2171 2820 appellans
2216 2736 2517 2820 perduxit
2564 2737 2630 2800 in

337 2845 544 2906 castra
580 2864 654 2907 ac
690 2863 806 2927 pro
845 2844 1144 2908 contione
1181 2842 1533 2926 adoptauit,
1569 2864 1652 2907 ne
1690 2846 1843 2906 tunc
1883 2841 2139 2926 quidem
2179 2842 2467 2906 donatiui
2498 2841 2630 2905 ulla

335 2949 660 3013 mentione
703 2948 888 3012 facta.
975 2970 1102 3032 quo
1148 2948 1504 3013 faciliorem
1553 2949 1953 3014 occasionem
2000 2948 2085 3013 M.
2127 2947 2346 3013 Saluio
2385 2945 2627 3012 Othoni

335 3054 630 3139 praebuit
673 3054 1044 3139 perficiendi
1092 3059 1318 3119 conata
1365 3056 1535 3119 intra
1580 3059 1832 3119 sextum
1880 3056 2247 3139 adoptionis
2294 3054 2480 3118 diem.

252 3185 306 3225 25
512 3161 747 3248 Magna
793 3166 857 3226 et
903 3160 1156 3225 assidua
1209 3166 1498 3226 monstra
1543 3163 1671 3226 iam
1729 3161 1876 3226 inde
1924 3184 1961 3225 a
2004 3161 2325 3245 principio
2381 3162 2625 3226 exitum
2648 3160 2738 3228 18

334 3269 419 3353 ei,
480 3268 688 3352 qualis
743 3269 982 3351 euenit,
1037 3268 1505 3351 portenderant.
1600 3290 1745 3332 cum
1804 3291 1917 3352 per
1978 3290 2165 3332 omne
2227 3269 2349 3332 iter
2408 3267 2630 3332 dextra

334 3375 721 3459 sinistraque
759 3375 1112 3460 oppidatim
1156 3374 1458 3439 uictimae
1493 3375 1925 3458 caederentur,
1962 3379 2185 3439 taurus
2222 3376 2460 3438 securis
2498 3373 2629 3438 ictu

335 3486 777 3546 consternatus
824 3486 1015 3565 rupto
1054 3481 1314 3546 uinculo
1361 3482 1653 3546 essedum
1698 3482 1833 3546 eius
1881 3482 2121 3545 inuasit
2166 3480 2479 3565 elatisque
2525 3503 2629 3564 pe-

335 3588 522 3653 dibus
567 3592 778 3653 totum
826 3610 1048 3653 cruore
1095 3588 1404 3672 perfudit3
1451 3610 1526 3653 ac
1573 3589 2059 3652 descendentem
2106 3588 2472 3672 speculator
2516 3587 2630 3652 im-

253 3717 306 3757 so
333 3695 525 3780 pulsu
561 3695 786 3761 turbae
813 3697 1034 3759 lancea
1059 3717 1258 3779 prope
1289 3696 1669 3759 uulnerauit.
1752 3694 1977 3758 urbem
2016 3717 2273 3779 quoque
2302 3699 2366 3760 et
2405 3695 2631 3759 deinde

334 3802 654 3867 Palatium
704 3803 1061 3888 ingressum
1099 3802 1350 3885 excepit
1387 3805 1592 3865 terrae
1629 3806 1870 3865 tremor
1916 3806 1980 3865 et
2020 3802 2321 3866 assimilis
2370 3800 2631 3885 quidam

477 3947 510 3994 4
547 3943 616 4009 cf.
660 3913 842 3996 Victor
879 3943 1028 3996 Caes.
1061 3947 1114 4008 6,
1140 3947 1178 3995 2
1216 3942 1350 4010 quia
1388 3956 1520 4010 opes
1567 3939 1809 3994 militum
1861 3941 2027 3994 nimis
2073 3940 2349 4009 pecuniae
2390 3941 2629 4010 cupidus

336 4025 746 4078 attenuauerat.
897 4029 961 4076 18
996 4023 1144 4077 Oros.
1186 4023 1309 4075 VII
1321 4026 1376 4086 8,
1399 4027 1428 4074 1
1467 4020 1726 4074 Pisonem
1765 4020 1871 4074 sibi
1903 4019 2149 4074 nobilem
2178 4021 2631 4089 industriumque

337 4102 752 4156 adulescentem
788 4103 848 4156 in
884 4101 1068 4155 filium
1109 4105 1278 4169 atque
1315 4101 1375 4154 in
1411 4118 1647 4170 regnum
1687 4101 1985 4169 adoptauit
2024 4102 2111 4169 (cf.
2158 4103 2293 4155 Otho
2333 4104 2404 4169 5).

477 4251 508 4298 3
545 4261 781 4316 propere
819 4262 853 4304 ς
980 4243 1270 4298 ordinibus
1307 4245 1370 4296 in
1405 4261 1576 4313 τηατ-9.
1608 4242 1736 4297 add.
1770 4245 1845 4297 M
1846 4242 1867 4274 ²
2002 4241 2245 4296 offensus
2283 4243 2402 4296 XN
2426 4242 2629 4312 (Roth),

334 4325 584 4380 infensus
622 4341 656 4384 ς
693 4325 784 4394 (ef.
813 4325 1003 4378 Herm.
1034 4329 1106 4378 40
1127 4341 1185 4393 p.
1218 4327 1344 4394 190)
1511 4329 1576 4376 12
1616 4323 1868 4377 aduersis
1901 4326 1972 4377 M
2142 4327 2207 4377 13
2248 4322 2395 4393 ausi]
2433 4325 2533 4376 aut
2570 4338 2629 4376 se

337 4407 406 4470 R,
445 4422 512 4459 ac
548 4421 610 4459 se
640 4404 746 4474 HQ
919 4409 984 4457 18
1020 4403 1290 4458 licianum
1323 4404 1488 4470 MP¹‚
1525 4402 1685 4456 licini
1734 4404 2039 4456 admodum
2071 4404 2123 4458 G
2295 4408 2363 4456 20
2401 4401 2631 4472 insuper

345 4487 510 4554 Tor-vn,
559 4499 740 4554 nuper
776 4484 1114 4539 Cornelissen
1161 4486 1250 4552 (cf.
1281 4484 1471 4538 Herm.
1502 4488 1574 4538 37
1593 4501 1651 4552 p.
1685 4487 1813 4553 592)
1996 4489 2060 4536 31
2101 4485 2284 4537 terrae
2331 4485 2538 4536 tremor
2580 4483 2631 4537 G

335 4567 670 4634 (Erasmus),
705 4567 858 4618 terra
894 4568 952 4619 et
987 4567 1195 4618 tremor
1225 4565 1311 4632 M,
1349 4566 1500 4618 terra
1535 4567 1776 4618 tremore
1803 4565 1885 4618 rel
