3259 5209
3207 0 3240 249 l

3217 265 3239 298 ι,

640 418 725 484 82
1340 419 1397 474 O.
1439 416 1758 473 SVETONI
1793 418 2239 484 TRANQVILLI
3219 294 3240 469 1

640 582 937 649 cohortes
984 584 1053 647 in
1100 583 1262 647 urbe
1309 604 1445 648 esse
1490 604 1718 668 passus
1766 586 1863 646 est
1909 604 2141 665 easque
2189 582 2324 646 sine
2373 582 2618 665 castriS,
2666 582 2952 665 reliquas
3225 510 3240 755 Ι

640 690 710 755 in
756 690 1027 755 hiberna
1073 696 1136 755 et
1182 690 1427 755 aestiua
1472 692 1642 755 circa
1685 690 1965 754 finitima
2001 690 2240 774 oppida
2278 689 2604 755 dimittere
2641 692 2951 752 assuerat.

569 813 600 859 2
644 797 956 883 quidquid
992 802 1208 862 autem
1247 798 1486 882 ubique
1522 798 1808 862 militum
1848 801 2030 881 esset,
2078 796 2158 860 ad
2195 801 2434 862 certam
2472 795 2948 881 stipendiorum

640 905 1202 991 praemiorumque
1248 904 1595 969 formulam
1635 904 1980 969 adstrinxit
2020 903 2300 968 definitis
2336 926 2455 988 pro
2495 902 2698 989 gradu
2737 902 2950 965 cuius·

641 1034 764 1096 que
822 1017 885 1076 et
939 1010 1343 1096 temporibus
1402 1009 1674 1075 militiae
1721 1016 1785 1074 et
1841 1010 2195 1075 commodis
2240 1010 2648 1093 missionum,
2703 1030 2784 1072 ne
2833 1013 2950 1072 aut
3007 1034 3035 1074 ⁵

640 1123 847 1183 aetate
896 1122 1006 1182 aut
1053 1118 1272 1202 inopia
1316 1122 1464 1202 post
1510 1118 1880 1182 missionem
1931 1118 2264 1182 sollicitari
2305 1117 2384 1181 ad
2420 1138 2521 1181 res
2558 1139 2760 1180 nouas
2798 1138 2948 1200 pos-

640 1231 798 1290 sent.
882 1231 1081 1309 utque
1127 1229 1439 1309 perpetuo
1488 1246 1560 1288 ac
1607 1226 1744 1289 sine
1792 1223 2170 1289 difficultate
2219 1228 2515 1308 sumptus
2552 1223 2634 1287 ad
2670 1222 2950 1287 tuendos

638 1355 745 1397 eos
782 1331 1389 1418 prosequendosque
1436 1335 1821 1416 suppeteret,
1868 1332 2181 1396 aerarium
2227 1331 2508 1395 militare
2554 1350 2698 1394 cum
2747 1330 2949 1393 uecti-

636 1439 890 1525 galibus
938 1440 1123 1503 nouis
1173 1438 1523 1502 constituit.

567 1559 597 1606 3
812 1545 903 1610 Et
964 1568 1091 1630 quo
1153 1545 1420 1610 celerius
1480 1566 1553 1609 ac
1613 1544 1733 1609 sub
1791 1567 2050 1608 manum
2099 1545 2462 1609 adnuntiari
2512 1545 2950 1630 cognoscique
2981 1568 3033 1607 ιο

636 1657 882 1738 posset,
946 1652 1101 1736 quid
1158 1653 1225 1716 in
1286 1653 1623 1737 prouincia
1684 1674 1936 1735 quaque
1996 1657 2351 1737 gereretur,
2411 1651 2674 1716 iuuenes
2729 1651 2946 1735 primo

636 1759 906 1824 modicis
964 1759 1323 1824 interuallis
1376 1781 1492 1842 per
1550 1759 1853 1823 militaris
1909 1759 2048 1822 uias
2057 1810 2074 1842 ,
2122 1758 2352 1823 dehinc
2389 1756 2686 1822 uehicula
2733 1757 2949 1841 dispo-

638 1869 784 1931 suit.
867 1867 1268 1931 commodius
1315 1865 1381 1929 id
1418 1868 1631 1930 uisum
1674 1869 1800 1949 est,
1855 1870 1928 1929 ut
1976 1865 2086 1947 qui
2134 1890 2170 1929 a
2206 1865 2348 1929 loco
2400 1866 2567 1930 idem
2607 1866 2946 1949 perferunt

530 1968 622 2033 50
638 1973 916 2055 litterae,
962 1972 1346 2059 interrogari
1396 1994 1678 2056 quoque,
1726 1974 1781 2036 si
1829 1972 1984 2056 quid
2029 1996 2130 2037 res
2177 1973 2465 2059 exigant,
2521 1972 2789 2057 possint.
2874 1974 2943 2037 in

640 2079 1103 2165 diplomatibus
1150 2079 1513 2163 libellisque
1562 2082 1625 2144 et
1663 2079 1954 2164 epistulis
1993 2080 2320 2165 signandis
2360 2079 2546 2145 initio
2585 2079 2945 2166 sp<h>inge
2977 2102 3027 2141 ιε

559 2202 567 2209 ·
641 2210 794 2250 usus
859 2192 983 2269 est,
1058 2208 1209 2251 mox
1284 2186 1565 2271 imagine
1639 2186 1859 2272 Magni
1933 2185 2310 2269 Alexandri,
2381 2186 2734 2251 nouissime
2809 2210 2944 2271 sua,

642 2293 1043 2358 Dioscuridis
1090 2314 1282 2356 manu
1332 2293 1603 2377 scalpta,
1660 2314 1786 2376 qua
1832 2294 2084 2377 signare
2139 2295 2411 2359 insecuti
2469 2316 2724 2378 quoque
2769 2296 2945 2379 prin—

642 2400 816 2482 cipes
882 2404 1387 2483 perseuerarunt.
1499 2400 1580 2464 ad
1657 2400 1967 2484 epistulas
2042 2400 2250 2464 omnis
2312 2400 2618 2465 horarum
2686 2423 2944 2485 quoque

639 2511 968 2570 momenta
1021 2526 1139 2569 nec
1195 2505 1319 2569 diei
1376 2505 1567 2571 modo
1616 2506 1727 2569 sed
1783 2510 1848 2571 et
1892 2508 2126 2584 noctis,
2184 2507 2418 2589 quibus
2467 2508 2651 2572 datae
2695 2508 2942 2593 signifi-

640 2618 956 2696 carentur,
1002 2611 1290 2676 addebat.
2969 2634 3020 2673 ao

532 2712 616 2777 51
818 2717 1209 2784 Clementiae
1255 2719 1714 2802 ciuilitatisque
1752 2722 1888 2783 eius
1927 2721 2130 2783 multa
2170 2725 2233 2783 et
2278 2743 2513 2806 magna
2559 2721 2944 2786 documenta

637 2831 803 2891 sunt.
885 2847 967 2890 ne
1014 2848 1399 2910 enumerem,
1446 2831 1606 2910 quot
1655 2832 1717 2891 et
1764 2850 1925 2910 quos
1973 2827 2370 2891 diuersarum
2419 2830 2702 2911 partium
2751 2830 2944 2894 uenia

636 2938 703 2997 et
766 2934 1211 2999 incolumitate
1276 2934 1547 2998 donatos
1604 2936 1956 3019 principem
2018 2936 2210 2998 etiam
2271 2935 2339 2998 in
2398 2935 2663 3000 ciuitate
2722 2934 2938 3000 locum

638 3045 853 3105 tenere
900 3063 1124 3124 passus
1171 3043 1286 3105 sit:
1335 3040 1592 3105 Iunium
1641 3040 1970 3105 Nouatum
2021 3046 2085 3105 et
2133 3040 2422 3105 Cassium
2469 3040 2854 3106 Patauinum
2903 3065 2939 3106 e

638 3148 821 3231 plebe
881 3148 1175 3211 homines
1237 3148 1509 3211 alterum
1570 3149 1868 3232 pecunia,
1927 3149 2201 3213 alterum
2261 3149 2387 3212 leui
2453 3148 2644 3213 exilio
2705 3151 2938 3233 punire
2967 3168 3018 3207 25

638 3256 793 3317 satis
840 3254 1093 3337 habuit,
1154 3278 1296 3319 cum
1356 3256 1464 3319 ille
1512 3254 1843 3341 Agrippae
1899 3256 2150 3319 iuuenis
2205 3256 2466 3320 nomine
2517 3257 2937 3340 asperrimam

638 3360 715 3423 de
764 3383 829 3423 se
878 3360 1221 3444 epistulam
1276 3362 1343 3424 in
1390 3361 1627 3446 uulgus
1686 3361 2002 3444 edidisset,
2049 3360 2156 3425 hic
2204 3362 2503 3426 conuiuio
2552 3363 2744 3448 pleno
2791 3386 2936 3447 pro-

640 3468 977 3531 clama-sset
1013 3490 1222 3550 neque
1259 3472 1485 3530 uotum
1527 3467 1648 3531 sibi
1690 3490 1894 3551 neque
1938 3470 2221 3532 animum
2263 3470 2480 3534 deesse
2527 3470 2935 3535 confodiendi

781 3702 843 3748 21
896 3696 1131 3763 Eutrop.
1178 3696 1295 3749 VII
1328 3704 1383 3762 ὅ,
1412 3700 1446 3749 4
1504 3696 1833 3749 ciuilissime
1879 3697 2048 3762 uixit,
2105 3696 2162 3749 in
2213 3702 2440 3751 cunctos
2488 3698 2934 3765 liberalissimum

639 3776 695 3827 in
735 3777 945 3829 amicos
984 3775 1288 3829 fidissimus
1328 3778 1417 3843 (cf.
1458 3778 1601 3846 Any.
1635 3782 1720 3829 56.
1754 3780 1862 3843 66).

782 3996 811 4041 2
853 3992 909 4043 et
938 4008 1037 4044 om.
1062 3990 1114 4043 V
1232 3995 1259 4041 ’ἲ
1294 4007 1359 4043 ac
1390 4006 1487 4043 om.
1512 3991 1562 4044 G
1687 3996 1717 4043 9
1749 3990 1998 4044 instituit
2019 3993 2188 4046 PTN
2292 3998 2358 4046 10
2397 4008 2569 4060 equos
2597 3994 2650 4047 V
2763 4010 2932 4047 manu

646 4070 731 4128 Τς
854 4076 919 4123 13
959 4086 992 4123 a
1029 4069 1152 4123 loco
1191 4070 1342 4123 idem
1372 4072 1423 4121 ,Ω
1462 4074 1591 4137 (pro
1628 4070 1778 4123 idem
1818 4078 1892 4125 est
1929 4072 2126 4124 eodem
2153 4074 2242 4125 uel
2269 4073 2528 4141 idemque
2559 4075 2620 4127 in
2651 4092 2700 4140 ς,
2739 4091 2773 4127 a
2810 4074 2932 4127 loco

637 4158 685 4203 et
714 4150 888 4203 iidem
912 4157 1035 4218 post
1063 4149 1282 4203 litteras
1312 4152 1373 4203 in-
1401 4152 1531 4204 aliis
1568 4158 1616 4204 et
1645 4154 1722 4204 sic
1741 4169 1880 4219 pars
1898 4152 2036 4217 edd„
2074 4152 2225 4205 idem
2253 4170 2354 4206 om.
2377 4154 2561 4222 Roth),
2591 4153 2852 4207 alicunde
2883 4155 2930 4207 ei

642 4232 873 4285 Casaub.
914 4232 1052 4297 (sine
1090 4231 1141 4283 ei
1184 4225 1499 4299 Graevius),
1546 4246 1575 4283 e
1614 4230 1921 4301 longinquo
1962 4233 2090 4285 olim
2134 4232 2193 4286 Ο.
2207 4234 2550 4299 Hirschfeld,
2589 4251 2666 4287 an
2703 4234 2935 4302 aliquo?

641 4316 704 4361 14
748 4311 938 4379 exigat
977 4310 1304 4378 StephanuS,
1342 4311 1652 4365 Salmasius
1834 4317 1896 4364 17
1939 4311 2158 4380 scalpta
2186 4313 2431 4379 Ernesti,
2469 4314 2691 4382 sculpta
2730 4320 2794 4384 (p
2833 4332 2932 4367 om.

653 4390 763 4458 VS)
786 4394 855 4455 Ω,
894 4390 962 4455 cf.
990 4390 1172 4444 Galba
1193 4398 1263 4444 10
1384 4397 1449 4443 22
1491 4394 1621 4443 sunt
1651 4409 1750 4445 om.
1784 4392 1834 4443 V
1945 4393 2039 4463 ne]
2071 4396 2127 4445 et
2155 4409 2224 4445 ne
2256 4392 2328 4445 X'
2441 4410 2509 4446 ne
2551 4410 2788 4447 emerem
2822 4395 2934 4460 Μ’,

638 4469 922 4522 nec-*mini
962 4481 1009 4536 (r
1038 4472 1100 4523 in
1136 4474 1267 4539 ras.)
1301 4471 1349 4525 G
1497 4472 1648 4537 quod
1688 4475 1744 4523 et
1782 4472 2056 4539 quosdam
2091 4472 2140 4525 G
2188 4474 2359 4541 (quod
2396 4476 2559 4528 etiam
2591 4476 2664 4529 Μ
2675 4476 2735 4540 V,
2774 4476 2834 4527 in
2865 4476 2938 4527 M

638 4568 774 4604 corr.
806 4568 873 4603 m.
910 4552 981 4618 1),
1020 4552 1157 4616 quot
1196 4552 1253 4603 et
1282 4568 1450 4618 quam
1473 4552 1650 4605 Polak
1795 4557 1857 4604 27
1900 4551 1992 4604 hic
2031 4570 2197 4621 usque
2233 4553 2638 4623 proclamasset
2675 4571 2774 4608 om.
2819 4556 2868 4608 V
