3259 5209
951 443 1077 500 DIV
1082 445 1169 498 VS
1208 443 1587 498 AVGVSTVS
1626 455 1757 504 [οη.
1789 455 1964 504 sc-ss]
2479 443 2606 506 105

311 631 427 674 nec
474 631 596 694 ego
642 608 710 673 id
752 613 1063 691 notarem,
1107 607 1235 673 nisi
1282 607 1441 672 mihi
1479 607 1716 672 mirum
1756 606 2083 670 uideretur
2119 605 2456 671 tradidisse
2493 605 2607 670 ali-

310 738 495 801 quos,
554 716 770 802 legato
832 737 977 780 eum
1041 714 1365 779 consulari
1426 734 1858 780 successorem
1916 712 2168 778 dedisse
2223 717 2296 777 ut
2351 712 2495 776 rudi
2543 717 2608 776 et

310 823 571 888 indocto
580 873 599 906 ,
664 823 847 888 cuius
909 844 1104 886 manu
1159 821 1269 885 ixi
1333 843 1450 904 pro
1504 820 1633 905 ipsi
1695 821 2006 903 scriptum
2065 819 2608 884 animaduerterit.

311 930 613 1014 quotiens
668 934 884 994 autem
930 949 1049 1012 per
1092 932 1281 993 notas
1328 927 1573 1008 scribit,
1617 925 1674 990 B
1721 948 1838 1009 pro
1885 925 1972 1008 A,
2021 925 2068 992 C
2116 947 2236 1010 pro
2282 925 2338 990 B
2385 947 2461 990 ac
2507 925 2608 990 de-

254 1060 279 1100 5
308 1038 531 1122 inceps
586 1036 807 1102 eadem
854 1035 1103 1100 ratione
1150 1034 1476 1118 sequentis
1521 1034 1773 1098 litteras
1828 1034 2039 1116 ponit3
2103 1055 2223 1118 pro
2279 1031 2340 1095 X
2393 1037 2608 1096 autem

309 1144 547 1229 duplex
594 1142 673 1209 A.

488 1249 591 1314 Ne
630 1248 1011 1315 Graecarum
1060 1249 1318 1332 quidem
1366 1246 1852 1332 disciplinarum
1899 1245 2141 1312 leuiore
2188 1246 2402 1310 studio
2440 1249 2608 1309 tene-
2623 1243 2716 1308 89

310 1359 519 1422 batur.
594 1358 663 1421 in
700 1356 935 1440 quibus
982 1359 1047 1419 et
1093 1356 1253 1439 ipsis
1299 1354 1667 1439 praestabat
1703 1355 1970 1439 largiter
2011 1354 2320 1438 magistro
2357 1351 2607 1416 dicendi

308 1487 467 1528 usus
513 1463 915 1548 Apollodoro
959 1462 1387 1548 Pergameno,
1442 1483 1631 1545 quem
1681 1462 1808 1524 iam
1855 1460 2163 1546 grandem
2207 1462 2368 1522 natu
2412 1457 2609 1542 Apol-

228 1593 283 1633 ιο
309 1571 553 1636 Ioniam
612 1591 867 1654 quoque
926 1591 1141 1634 secum
1199 1569 1279 1633 ab
1334 1567 1495 1632 urbe
1540 1567 1794 1632 iuuenis
1854 1567 2062 1634 adhuc
2117 1566 2448 1648 eduxerat,
2507 1564 2610 1628 de-

310 1678 459 1742 inde
516 1676 877 1742 eruditione
930 1677 1125 1740 etiam
1182 1675 1361 1739 uaria
1424 1675 1710 1759 repletus
1767 1673 1974 1759 [s]per
2029 1672 2182 1738 Arei
2237 1671 2612 1757 philosophi

308 1785 723 1866 filiorumque
770 1783 907 1848 eius
944 1783 1222 1866 Dionysi
1266 1785 1333 1846 et
1376 1781 1440 1846 N
1443 1782 1726 1846 icanoris.
1768 1781 2288 1866 contubernium3
2341 1801 2475 1845 non
2521 1783 2612 1842 ta-

310 1913 461 1956 men
506 1895 583 1954 ut
627 1895 741 1954 aut
786 1891 1160 1977 loqueretur
1203 1889 1498 1973 expedite
1544 1892 1657 1952 aut
1705 1909 2088 1973 componere
2135 1886 2380 1970 aliquid
2425 1885 2610 1950 aude-

310 2002 437 2082 ret3
482 2019 633 2062 nam
682 2001 746 2060 et
794 1997 847 2060 si
896 1996 1052 2080 quid
1097 2017 1197 2059 res
1235 1996 1539 2082 exigeret,
1584 1995 1814 2058 Latine
1849 1993 2172 2060 formabat
2207 1993 2611 2058 uertendum-

230 2127 285 2166 ιι,
314 2125 441 2188 que
496 2103 607 2168 alii
657 2103 868 2169 dabat.
960 2102 1071 2167 sed
1114 2102 1305 2186 plane
1350 2105 1724 2186 poematum
1772 2122 2028 2184 quoque
2079 2123 2211 2165 non
2257 2100 2614 2185 imperitus,

313 2209 755 2276 delectabatur
818 2211 1009 2273 etiam
1076 2209 1409 2274 comoedia
1471 2208 1674 2274 ueteri
1739 2213 1804 2272 et
1865 2230 2052 2292 saepe
2116 2229 2255 2273 eam
2321 2206 2616 2270 exhibuit

314 2317 703 2400 spectaculis
739 2315 1036 2400 publicis.
1164 2313 1243 2379 In
1270 2315 1650 2380 euoluendis
1679 2316 2014 2398 utriusque
2043 2315 2302 2399 linguae
2341 2313 2614 2379 auctori·
2652 2327 2684 2374 2

314 2425 435 2488 bus
472 2423 639 2488 nihil
676 2445 875 2508 aeque
912 2422 1294 2506 uectabatur,
1332 2445 1524 2506 quam
1562 2427 1907 2506 praecepta
1944 2425 2006 2484 et
2036 2422 2330 2505 exempla
2357 2418 2614 2504 publice

313 2530 421 2594 uel
466 2531 775 2616 priuatim
824 2529 1125 2613 salubria,
1171 2551 1369 2612 eaque
1416 2529 1495 2593 ad
1551 2527 1824 2594 uerbum
1871 2532 2170 2612 excerpta
2224 2531 2336 2591 aut
2384 2526 2462 2590 ad
2510 2525 2614 2589 do-

234 2659 289 2698 2⁰
316 2637 621 2702 mesticos
666 2640 779 2700 aut
826 2637 903 2702 ad
952 2637 1347 2702 exercituum
1395 2635 2004 2719 prouinciarumque
2049 2638 2330 2699 rectores
2377 2638 2490 2697 aut
2535 2631 2614 2695 ad

312 2744 495 2808 urbis
530 2744 947 2829 magistratus
984 2744 1359 2827 plerumque
1396 2741 1714 2824 mittebat,
1751 2745 1945 2824 prout
1983 2742 2222 2826 quique
2259 2739 2616 2804 monitione

314 2850 695 2936 indigerent.
778 2851 973 2914 etiam
1019 2849 1219 2914 libros
1274 2853 1451 2914 totos
1498 2854 1561 2912 et
1608 2849 1862 2913 senatui
1916 2848 2214 2912 recitauit
2260 2851 2326 2910 et
2370 2845 2614 2931 populo

310 2961 506 3022 notos
565 2978 681 3040 per
740 2957 1021 3020 edictum
1086 2977 1274 3039 saepe
1334 2956 1515 3038 fecit,
1580 2961 1654 3019 ut
1718 2956 2040 3020 orationes
2101 2955 2172 3030 Q.
2219 2952 2467 3018 Metelli
2529 2953 2615 3015 de

312 3121 380 3129 ’.ς
411 3121 744 3127 -—-—-—-——-

462 3226 495 3272 4
532 3221 601 3286 cf.
642 3221 777 3274 Isid.
804 3222 939 3292 oriy.
959 3222 999 3275 I
1012 3225 1157 3285 24‚2
1185 3220 1350 3288 (Suet.
1380 3221 1473 3274 rel.
1499 3237 1557 3288 p.
1586 3225 1695 3273 137
1714 3222 1804 3288 R.)
1843 3219 2047 3273 Caesar
2075 3235 2297 3286 quoque
2328 3217 2616 3286 Augustus

316 3300 389 3353 ad
429 3300 633 3354 filium:
673 3301 957 3370 quoniam,
994 3300 1202 3368 inquit,
1239 3299 1677 3354 innumerabilia
1714 3300 1974 3353 incidunt
2010 3299 2233 3352 assidue
2271 3313 2417 3366 quae
2447 3296 2615 3350 scribi

317 3381 392 3434 ad
432 3380 765 3434 alterutrum
804 3383 1061 3449 oporteat
1098 3384 1157 3434 et
1192 3398 1311 3434 esse
1341 3383 1572 3446 secreta,
1611 3381 1758 3434 inter
1785 3397 1886 3434 nos
1916 3380 2223 3434 habeamus
2253 3381 2414 3431 notas
2453 3377 2500 3430 si
2529 3376 2616 3430 uis

316 3460 479 3526 tales,
518 3463 582 3513 ut
612 3478 739 3514 cum
766 3460 986 3529 aliquid
1022 3461 1171 3514 notis
1202 3460 1559 3514 scribendum
1597 3461 1720 3527 erit,
1758 3477 1860 3529 pro
1888 3475 2226 3526 unaquaque
2263 3458 2456 3511 littera
2485 3457 2618 3509 scri—

316 3541 519 3594 bamus
548 3543 871 3609 sequentem
900 3541 1006 3595 hoc
1036 3541 1227 3595 modo:
1253 3559 1353 3610 pro
1373 3543 1423 3593 A
1451 3542 1513 3607 B,
1543 3559 1644 3610 pro
1665 3541 1709 3593 B
1740 3540 1779 3593 C
1810 3543 1866 3593 et
1894 3541 2155 3608 deinceps
2179 3538 2377 3592 eadem
2399 3538 2618 3590 ratione

318 3623 559 3686 ceteras3
598 3638 702 3690 pro
729 3621 779 3674 X
818 3623 1007 3675 aut-em
1045 3620 1237 3674 littera
1274 3621 1620 3675 redeundum
1661 3621 1767 3674 erit
1805 3621 1877 3674 ad
1919 3620 2125 3689 duplex
2154 3621 2203 3672 A
2233 3622 2288 3688 (a
2317 3635 2352 3670 a
2385 3619 2567 3686 (ἤιά).

466 3858 497 3904 3
535 3853 637 3924 ixi]
676 3853 732 3906 xi
774 3853 843 3918 G,
880 3854 927 3907 it
969 3855 1020 3906 V
1157 3859 1189 3905 4
1230 3853 1632 3907 s-PRo-A-c-
1674 3871 1774 3922 pro
1813 3853 1918 3917 hac
1960 3854 2054 3916 M,
2095 3853 2154 3903 R·
2195 3869 2296 3920 pro
2335 3851 2476 3903 A·c-
2517 3866 2617 3918 pro

318 3933 373 3998 b;
413 3949 479 3986 ac
521 3933 572 3984 V
712 3938 743 3986 6
782 3933 991 4002 duplex
1029 3950 1078 3986 a.
1110 3950 1159 3987 a.
1190 3933 1259 3986 H
1398 3938 1426 3985 7
1467 3932 1770 4001 disciplina
1807 3933 1866 3984 in
1903 3932 2102 3985 leuiori
2145 3932 2195 3986 G
2343 3937 2404 3984 11
2446 3931 2618 3983 etiam

318 4030 420 4067 om.
456 4013 505 4066 G
669 4014 913 4083 spei-arei
956 4016 1029 4068 M
1039 4015 1088 4067 G
1104 4015 1225 4078 VT,
1272 4030 1371 4067 om.
1402 4017 1461 4066 X
1492 4015 1579 4080 (ss.
1611 4013 1709 4078 L³‚
1754 4010 1992 4080 replet'y
2021 4012 2118 4076 L1,
2163 4011 2412 4080 repletus
2450 4011 2507 4063 in
2547 4013 2619 4077 ὸ),

318 4109 455 4148 corr.
495 4093 803 4148 Salmasius
930 4099 995 4147 12
1036 4093 1446 4147 contibernium
1474 4093 1800 4160 (contintib-
1832 4094 1898 4160 V)
1921 4094 1994 4146 M
2003 4091 2129 4145 VL¹
2167 4094 2288 4160 (mlv
2325 4094 2406 4145 ita
2435 4091 2620 4155 Suet),

320 4173 689 4226 contubernio
726 4172 849 4228 HR
1032 4174 1163 4226 iniit
1204 4179 1327 4242 post
1374 4173 1802 4226 contubernium
1849 4173 1977 4226 add.
2011 4173 2068 4226 X
2259 4177 2322 4223 13
2369 4173 2434 4224 ut
2481 4170 2619 4224 allo-

322 4257 589 4322 queretur
626 4253 677 4306 V
842 4260 907 4308 15
947 4253 1147 4318 dabat,
1196 4253 1293 4307 sed
1339 4252 1523 4323 plane.
1564 4253 1918 4322 distinyuunt
1955 4254 2186 4322 Bentley
2223 4259 2272 4306 et
2313 4252 2550 4318 Madviq

322 4334 455 4386 dein
484 4340 613 4402 post
648 4333 942 4403 imperitus
981 4334 1056 4388 ad
1076 4337 1109 4387 Ι.
1145 4335 1196 4388 V
1335 4339 1399 4386 19
1438 4333 1726 4402 priuatum
1759 4335 1825 4386 M
1971 4333 2044 4385 ad
2085 4334 2233 4401 (post
2268 4333 2387 4398 aut)
2417 4349 2517 4384 om.
2553 4331 2620 4394 G,

322 4429 357 4466 a
391 4416 442 4469 V
543 4418 611 4465 20
640 4414 809 4482 prius
843 4415 917 4468 ad
944 4431 1045 4468 om.
1068 4414 1219 4468 LPS
1332 4413 1677 4466 exercituum
1710 4413 1922 4476 GHN,
1961 4413 2266 4465 exercitum
2298 4409 2502 4465 MX‘Y
2525 4413 2623 4478 (sic

325 4494 534 4562 Suet.?)
714 4500 781 4548 23
829 4494 1221 4561 orationesque
1270 4496 1369 4562 (-q:
1404 4496 1497 4559 M,
1548 4510 1718 4560 -quae
1756 4495 1817 4544 Π
1826 4495 1907 4560 R)
1939 4495 2008 4546 M
2022 4494 2151 4557 VT,
2202 4491 2510 4557 orationcq3
2554 4492 2622 4556 G,

324 4575 607 4628 orationes
635 4578 705 4640 X,
740 4592 875 4630 corr.
914 4592 949 4634 ς
