3259 5209
1372 2343 2080 2409 DOMITIANVS

509 2506 544 2571 l
757 2505 1165 2569 Domitianus
1210 2510 1399 2570 natus
1447 2511 1545 2570 est
1585 2504 1788 2568 VIIII.
1839 2505 1979 2569 Kal.
2019 2504 2334 2569 Nouemb.
2383 2512 2567 2590 patre
2615 2503 2880 2568 consule

440 2596 547 2638 “5¹
583 2612 916 2696 designato
974 2613 1344 2695 inituroque
1398 2635 1613 2677 mense
1670 2613 2032 2695 insequenti
2081 2613 2410 2696 honorem,
2464 2611 2726 2696 regione
2774 2634 2878 2674 ur-

579 2719 679 2784 bis
728 2723 909 2782 sexta
955 2719 1034 2782 ad
1069 2718 1310 2783 Malum
1350 2719 1684 2803 Punicum,
1732 2719 1920 2782 domo
1963 2741 2154 2802 quam
2194 2722 2418 2802 postea
2456 2719 2523 2782 in
2561 2718 2876 2801 templum

580 2826 791 2910 gentis
840 2825 1097 2890 Flauiae
1156 2827 1489 2891 conuertit.
1581 2826 1937 2910 pubertatis
1995 2848 2067 2889 ac
2115 2827 2361 2908 primae
2407 2824 2878 2889 adulescentiae

578 2938 832 3016 tempus
879 2937 1058 2996 tanta
1104 2933 1324 3015 inopia
1369 2938 1677 3015 tantaque
1724 2933 1987 2995 infamia
2033 2934 2305 3015 gessisse
2351 2932 2583 3015 fertur,
2630 2936 2701 2995 ut
2737 2931 2877 2995 nul-
2938 2951 2965 2989 5

581 3040 715 3104 lum
763 3044 1135 3124 argenteum
1184 3062 1298 3103 uas
1337 3041 1400 3102 in
1444 3062 1562 3102 usu
1601 3039 1880 3104 haberet.
1968 3040 2249 3122 satisque
2287 3043 2541 3102 constat
2581 3035 2876 3101 Clodium

582 3144 941 3211 Pollionem
980 3147 1372 3230 praetorium
1410 3148 1642 3228 uirum,
1679 3147 1746 3209 in
1785 3167 1973 3229 quem
2015 3151 2111 3209 est
2140 3168 2368 3229 poema
2395 3143 2673 3209 Neronis
2705 3145 2878 3228 quod

581 3253 954 3317 inscribitur
981 3253 1285 3332 LusciO,
1324 3253 1824 3337 chirographum
1854 3254 1989 3316 eius
2021 3274 2434 3316 conseruasse
2462 3257 2527 3315 et
2562 3273 2879 3316 nonnum-

584 3382 774 3442 quam
845 3361 1193 3443 protulisse
1248 3363 1499 3423 noctem
1557 3360 1680 3423 sibi
1740 3359 2132 3443 pollicentis3
2196 3380 2313 3423 nec
2367 3342 2708 3422 defuerunt
2765 3358 2878 3440 qui

584 3467 996 3550 affirmarent,
1034 3472 1406 3550 corruptum
1438 3466 1876 3531 Domitianum
1915 3471 1979 3530 et
2015 3489 2054 3529 a
2082 3465 2297 3530 Nerua
2336 3487 2697 3530 successore
2728 3486 2881 3529 mox
2911 3483 2963 3522 ιο

514 3590 545 3637 2
585 3595 718 3636 suo,
832 3571 1001 3635 bello
1070 3572 1420 3637 Vitelliano
1488 3575 1781 3656 confugit
1845 3574 1912 3636 in
1978 3572 2370 3656 Capitolium
2438 3595 2582 3637 cum
2647 3578 2878 3657 patruo

587 3677 825 3743 Sabino
891 3700 965 3742 ac
1031 3685 1208 3761 parte
1273 3670 1702 3762 praesentium
1770 3681 2125 3763 copiarum,
2201 3680 2306 3743 sed
2374 3679 2878 3762 irrumpentibus

586 3784 967 3849 aduersariis
1027 3790 1090 3847 et
1144 3785 1401 3849 ardente
1449 3786 1692 3870 templo
1741 3787 1912 3870 apud
1960 3787 2289 3851 aedituum
2338 3785 2503 3851 clam
2548 3790 2879 3871 pernocta-

586 3893 700 3974 uit,
748 3912 822 3955 ac
865 3914 1050 3955 mane
1096 3890 1285 3956 Isiaci
1334 3892 1574 3957 celatus
1620 3892 1848 3956 habitu
1899 3893 2191 3976 interque
2231 3892 2625 3957 sacrificulos
2663 3892 2880 3957 uariae

586 3998 1062 4082 superstitionis
1102 4020 1245 4062 cum
1286 4022 1352 4063 se
1391 4005 1566 4063 trans
1597 3998 1878 4063 Tiberim
1917 4001 1993 4063 ad
2025 4000 2448 4085 condiscipuli
2479 4002 2580 4065 sui
2608 4006 2879 4065 matrem
2911 4017 2963 4056 ¹⁵

587 4106 821 4171 comite
868 4114 997 4169 uno
1047 4106 1442 4187 contulisset,
1490 4107 1581 4170 ita
1618 4107 1826 4188 latuit,
1873 4112 1945 4171 ut
1983 4107 2417 4171 scrutantibus
2456 4108 2566 4191 qui
2607 4107 2883 4192 uestigia

519 4228 549 4275 3
589 4212 912 4277 subsecuti
962 4218 1160 4294 erant,
1207 4212 1595 4296 deprehendi
1641 4237 1772 4278 non
1818 4215 2119 4297 potuerit.
2203 4219 2354 4298 post
2398 4215 2734 4279 uictoriam
2778 4213 2880 4277 de-

732 4360 762 4405 ὅ
801 4356 1056 4422 tempora
1092 4356 1140 4405 T
1298 4353 1479 4421 egisse
1520 4355 1754 4407 Casaub.
1916 4360 1946 4406 6
1987 4356 2207 4407 constet
2244 4355 2474 4424 Lipsius
2630 4360 2658 4406 7
2696 4353 2883 4407 uirum

588 4433 687 4486 del.
727 4434 880 4487 Tou-r.
1027 4439 1058 4485 9
1096 4432 1388 4502 pollicenti
1422 4434 1578 4503 XHQ
1613 4441 1663 4487 et
1698 4435 1778 4488 sic
1804 4451 1911 4503 pro
1951 4452 1999 4486 u.
2043 4436 2075 4487 l.
2111 4451 2177 4488 ss,
2219 4436 2280 4488 in
2319 4435 2374 4488 R
2503 4439 2570 4487 10
2607 4433 2884 4487 Domitia-

587 4530 723 4564 num
760 4514 861 4568 dez.
899 4514 1051 4567 Torr.
1093 4514 1267 4567 Pozak
1429 4519 1493 4566 14
1530 4513 1722 4566 isiciT
1888 4514 2115 4567 habitus
2147 4516 2216 4568 M
2379 4513 2726 4584 sacrifigulos
2759 4514 2883 4579 Md,

591 4591 890 4645 sacricolae
911 4594 1143 4663 Bentley
1161 4611 1187 4646 c
1214 4595 1338 4647 Tac.
1360 4594 1481 4648 hist.
1503 4595 1612 4646 III
1628 4599 1695 4647 74
1838 4611 2021 4649 uanae
2042 4612 2073 4653 ς
2104 4595 2284 4664 (αἰῶ),
2312 4597 2551 4650 Phariae
2571 4598 2619 4650 I.
2646 4596 2881 4650 Gronov.
