3259 5209
627 405 756 468 248
1327 403 1382 458 C.
1423 404 1738 460 sVETONI
1774 403 2218 469 TRANQVILLI

627 567 872 632 Romae
935 568 1100 632 circa
1162 566 1486 652 Sigillaria
1554 568 1899 632 comitatus
1970 572 2066 631 est
2124 566 2475 631 identidem
2536 565 2947 630 exosculanS.

629 697 776 738 nam
823 675 1047 738 matris
1095 674 1507 739 concubitum
1564 675 1888 758 appetisse
1945 678 2011 738 et
2056 672 2136 737 ab
2186 671 2729 758 obtrectatoribus
2776 673 2945 755 eiuS,

629 803 709 844 ne
757 780 938 844 ferox
994 783 1186 864 atque
1241 781 1563 864 impotens
1611 781 1844 845 mulier
1891 785 1957 844 et
2011 781 2137 845 hoc
2183 801 2411 865 genere
2459 780 2705 864 gratiae
2752 801 2945 862 prae-

629 887 898 969 ualeret,
954 887 1328 951 deterritum
1386 909 1573 950 nemo
1636 886 1978 971 dubitauit,
2034 888 2260 970 utique
2325 891 2673 971 postquam
2730 908 2943 949 mere·

628 994 881 1076 tricem,
928 1017 1118 1077 quam
1168 994 1341 1058 fama
1387 998 1524 1057 erat
1570 994 1971 1079 Agrippinae
2020 994 2435 1074 simillimam,
2482 993 2651 1056 inter
2698 1014 2935 1056 concu-
3004 1018 3031 1056 ε.

627 1101 812 1165 binas
859 1101 1116 1183 recepit.
1202 1101 1358 1164 olim
1405 1101 1598 1164 etiam
1650 1100 1947 1182 quotiens
2005 1099 2233 1164 lectica
2288 1121 2433 1162 cum
2488 1104 2695 1163 matre
2740 1099 2942 1163 uehe-

627 1212 819 1284 retur,
847 1206 1259 1272 libidinatum
1299 1207 1538 1270 inceste
1577 1227 1650 1270 ac
1688 1206 1958 1270 maculis
1989 1206 2189 1270 uestis
2219 1205 2546 1289 proditum
2584 1206 2940 1268 affirmant.

523 1313 612 1378 29
814 1312 1006 1378 Suam
1049 1313 1306 1397 quidem
1344 1313 1721 1396 pudicitiam
1767 1335 1971 1396 usque
2006 1314 2166 1376 adeo
2205 1312 2559 1396 prostituit,
2604 1316 2677 1376 ut
2714 1317 2941 1376 conta-

628 1420 890 1485 minatis
938 1442 1137 1504 paene
1187 1419 1485 1484 omnibus
1533 1420 1843 1484 membris
1889 1419 2241 1483 nouissime
2289 1420 2471 1502 quasi
2510 1441 2711 1504 genus
2748 1418 2940 1482 lusus

629 1527 1050 1612 excogitaret,
1117 1548 1244 1610 quo
1311 1528 1480 1590 ferae
1545 1526 1711 1610 pelle
1778 1530 2109 1591 contectus
2174 1527 2576 1590 emitteretur
2640 1547 2673 1589 e
2736 1547 2941 1589 cauea
2974 1551 3033 1590 ιο

629 1633 1043 1716 uirorumque
1101 1654 1173 1698 ac
1238 1634 1620 1698 feminarum
1685 1634 1762 1697 ad
1824 1634 2112 1717 stipitem
2175 1632 2601 1718 deligatorum
2664 1633 2943 1718 inguina

629 1739 960 1803 inuaderet
1020 1744 1111 1823 et,
1172 1761 1316 1804 cum
1379 1739 1618 1804 affatim
1685 1740 2099 1824 desecuisset,
2161 1741 2580 1805 conficeretur
2634 1763 2671 1803 a
2727 1739 2939 1824 Dory-

629 1847 835 1930 phoro
881 1846 1148 1932 libert03
1196 1847 1299 1910 cui
1347 1847 1560 1930 etiam,
1609 1847 1773 1910 sicut
1822 1847 1946 1930 ipsi
1988 1845 2249 1931 Sporus,
2296 1847 2387 1910 ita
2434 1848 2573 1930 ipse
2610 1847 2937 1930 denupsit,

630 1973 819 2017 uoces
870 1975 1123 2036 quoque
1173 1957 1237 2016 et
1281 1953 1605 2017 heiulatus
1656 1954 1787 2016 uim
1826 1954 2208 2036 patientium
2248 1953 2577 2038 uirginum
2618 1953 2933 2017 imi-tatus,

630 2081 708 2123 ex
747 2060 1074 2123 nonnullis
1114 2061 1397 2144 comperi
1427 2061 1985 2144 persuasissimum
2026 2058 2328 2123 habuisse
2366 2083 2514 2124 eum
2552 2061 2935 2124 neminem
2978 2083 3029 2124 ιε

627 2165 1011 2230 hominem
1041 2167 1402 2251 pudicum
1435 2171 1563 2230 aut
1609 2166 1767 2230 ulla
1809 2168 2154 2249 corporis
2183 2172 2401 2251 parte
2429 2189 2699 2249 purum
2739 2189 2939 2248 esse,

629 2295 892 2336 uerum
962 2273 1377 2356 plerosque
1439 2273 1934 2337 dissimulare
1990 2275 2267 2336 uitium
2325 2277 2399 2337 et
2458 2273 2740 2338 callide
2798 2296 2935 2358 op·

633 2383 917 2465 tegere3
965 2379 1234 2462 ideoque
1278 2380 1587 2464 professis
1635 2381 1806 2464 apud
1854 2402 1921 2443 se
1969 2379 2469 2445 obscaenitatem
2518 2385 2729 2444 cetera
2777 2403 2935 2462 quo-

633 2506 756 2567 que
804 2486 1188 2550 concessisse
1237 2485 1484 2550 delicta.

533 2587 625 2654 30
817 2590 1204 2656 Diuitiarum
1257 2596 1322 2656 et
1357 2592 1664 2677 pecuniae
1703 2592 1982 2656 fructum
2019 2614 2153 2656 non
2190 2593 2386 2656 alium
2424 2593 2697 2676 putabat
2736 2592 2933 2677 quam
2966 2617 3023 2656 ιο

775 2773 939 2837 2sqq.
977 2771 1044 2834 cf.
1087 2768 1270 2822 Victor
1302 2767 1446 2821 Caes.
1480 2773 1531 2831 5,
1552 2770 1674 2834 Ssq.
1718 2769 1887 2834 atque
1936 2767 2084 2820 inter
2118 2767 2258 2820 haec
2302 2771 2541 2820 matrem
2585 2769 2760 2822 etiam
2797 2785 2929 2822 con-

631 2849 1000 2902 taminauisse
1045 2847 1235 2916 plures
1285 2847 1519 2912 habent,
1567 2847 1699 2898 dum
1742 2863 1809 2900 ea
1856 2863 2077 2915 quoque
2116 2847 2312 2900 ardore
2350 2847 2683 2901 dominandi
2714 2848 2929 2904 scelere

633 2927 887 2998 quolibet
933 2927 1112 2981 subici
1161 2927 1340 2980 filium
1389 2927 1558 2995 cupit.
1626 2926 1685 2978 id
1734 2943 1837 2996 ego
1885 2943 2226 2995 quamquam
2282 2927 2647 2995 scriptoribus
2705 2929 2933 2982 diuersa

631 3007 986 3061 firmantibus
1024 3025 1221 3062 uerum
1261 3009 1397 3075 puto
1436 3007 1612 3075 (Epic.
1648 3012 1699 3067 5,
1721 3012 1753 3060 5
1783 3010 2020 3060 matrem
2056 3007 2231 3062 etiam
2268 3009 2461 3074 stupro
2500 3009 2931 3074 contaminauit,

633 3105 803 3157 quam
830 3088 1189 3156 postmodum
1219 3087 1546 3155 interemit).
1591 3088 1741 3142 Oros.
1776 3087 1897 3140 VII
1917 3093 1968 3152 7,
1986 3091 2024 3140 2
2054 3091 2127 3155 (u.
2150 3089 2223 3140 ad
2244 3089 2364 3156 LS).
2512 3093 2544 3140 8
2578 3089 2761 3142 Victor
2781 3091 2931 3144 Caes.

632 3175 685 3235 5,
705 3175 815 3236 589.
855 3185 919 3222 eo
959 3185 1285 3238 progressus
1325 3171 1426 3233 est,
1465 3167 1551 3219 uti
1587 3183 1769 3233 neque
1810 3183 1944 3220 suae
1980 3183 2163 3235 neque
2193 3167 2431 3221 aliorum
2461 3168 2774 3237 pudicitiae
2804 3187 2930 3237 par-

633 3266 764 3302 cens
803 3250 952 3316 (haec
988 3268 1054 3303 ea·
1091 3251 1234 3302 Suet.
1269 3249 1384 3302 Cal.
1409 3251 1501 3315 36)
1541 3247 1612 3299 ad
1648 3249 1957 3300 extremum
1997 3248 2236 3301 amictus
2275 3248 2605 3300 nubentium
2644 3249 2931 3318 uirginum

634 3329 846 3397 specie,
893 3328 1085 3397 palam
1125 3331 1348 3394 senatu,
1390 3328 1518 3380 dote
1560 3328 1712 3392 dat-a,
1754 3328 1969 3380 cunctis
2010 3327 2155 3381 festa
2191 3344 2343 3382 more
2382 3328 2800 3382 celebrantibus
2840 3331 2929 3396 (cf.

628 3413 834 3477 12247,
858 3412 946 3476 19)
993 3408 1051 3461 in
1091 3425 1318 3460 manum
1369 3407 1699 3460 conueniret
1744 3407 1890 3460 lecto
1939 3424 2006 3460 ex
2052 3407 2307 3460 omnibus
2356 3409 2710 3476 prodigiosis.
2778 3411 2929 3478 quod

635 3505 770 3541 sane
807 3488 866 3541 in
906 3505 970 3542 eo
1017 3488 1197 3541 leuius
1247 3488 1676 3541 aestimandum.
1735 3488 1943 3556 quippe
1982 3487 2272 3540 noxiorum
2321 3484 2526 3541 uinctis
2574 3489 2741 3542 modo
2780 3489 2928 3558 pelle

634 3570 816 3621 tectus
854 3568 1007 3621 ferae
1045 3568 1269 3636 utrique
1311 3567 1466 3620 sexui
1507 3566 1782 3635 genitalia
1809 3568 1973 3620 uultu
2003 3567 2414 3631 contrectabat3
2453 3573 2679 3621 exactor
2706 3571 2931 3637 parium

635 3646 846 3701 maiore
874 3647 1092 3716 flagitio
1125 3649 1272 3714 (imle
1302 3649 1521 3701 breuius
1551 3649 1705 3716 Epit.
1730 3653 1780 3713 5,
1802 3652 1872 3713 5).
1927 3649 2074 3702 Oros.
2110 3649 2223 3701 VII
2256 3652 2361 3714 7,ss
2396 3647 2732 3702 libidinibus
2761 3665 2927 3718 porro

635 3728 810 3781 tantis
850 3728 1172 3797 exagitatus
1219 3731 1328 3786 est.
1375 3731 1440 3780 ut
1490 3745 1559 3780 ne
1609 3745 1643 3780 a
1688 3731 1867 3780 matre
1916 3728 2142 3794 quidem
2190 3727 2281 3780 uel
2330 3745 2513 3781 sorore
2562 3727 2753 3782 ullane
2802 3747 2931 3782 con-

636 3808 1036 3877 sanguinitatis
1077 3809 1392 3861 reuerentia'.
1431 3808 1770 3860 abstinuisse
1808 3809 2098 3872 referatur,
2136 3807 2317 3860 uirum
2348 3808 2405 3860 in
2433 3825 2663 3861 uxorem
2691 3810 2930 3874 duxerit,

633 3888 755 3956 ipse
795 3905 828 3942 a
864 3887 986 3941 uiro
1026 3893 1088 3940 ut
1125 3905 1262 3941 uxor
1299 3893 1563 3955 acceptus
1604 3887 1692 3940 sit.

779 4055 808 4102 2
849 4048 918 4102 ab
955 4049 1060 4118 ρε,
1109 4049 1181 4101 ad
1219 4051 1280 4100 H
1314 4053 1450 4116 (exp.
1483 4065 1548 4100 m.
1578 4052 1661 4113 2),
1711 4065 1810 4100 om.
1853 4050 1940 4101 rel.
1974 4051 2093 4116 (Sl),
2140 4049 2269 4100 inde
2316 4047 2386 4099 ab
2433 4048 2745 4102 rectoribus
2791 4053 2930 4102 cuni.

636 4131 867 4199 Bentley
1013 4137 1044 4182 ὃ
1084 4145 1229 4198 quae
1267 4129 1447 4181 forma
1487 4130 1607 4180 erat
1646 4129 1707 4180 A.
1751 4127 2035 4180 simillima
2080 4129 2143 4180 G.
2158 4129 2364 4182 Becker
2507 4128 2715 4200 (esse)
2755 4129 2933 4182 simil-

633 4209 828 4264 limam
851 4211 1086 4279 Madm'y
1213 4215 1239 4260 7
1282 4209 1369 4278 ac]
1402 4226 1434 4261 a
1458 4209 1574 4273 ΡΟ,
1606 4211 1663 4260 et
1694 4226 1743 4274 ς,
1773 4226 1871 4262 om.
1902 4209 1951 4261 T
1975 4208 2319 4276 &Beck-er),
2350 4225 2413 4260 ex
2450 4209 2669 4262 Gruter.
2781 4210 2933 4262 affir-

635 4290 870 4344 mabant
901 4292 974 4344 M
999 4290 1053 4359 (b
1086 4307 1152 4342 ea·
1179 4307 1215 4341 n
1246 4306 1379 4342 cor-r.
1403 4295 1463 4340 ut
1483 4290 1597 4340 uid.
1621 4306 1688 4341 m.
1716 4291 1764 4356 1)
1894 4293 1926 4340 8
1966 4287 2159 4358 Suam]
2191 4287 2367 4351 Quam
2403 4289 2453 4342 G
2573 4294 2603 4342 9
2642 4303 2823 4357 poene
2846 4292 2933 4355 M,

633 4369 800 4438 plene
835 4372 900 4436 G,
930 4387 1071 4438 pene
1104 4371 1193 4423 rel.
1309 4375 1373 4421 10
1412 4369 1747 4436 excogitarit
1778 4369 2007 4438 Bentley
2112 4376 2172 4421 11
2210 4367 2413 4436 stipem
2446 4371 2603 4422 MT&
2706 4377 2769 4422 12
2798 4386 2933 4423 eua-

635 4451 792 4503 deret
825 4453 896 4504 ΔἸΙ
1033 4455 1094 4502 14
1133 4449 1414 4502 heiulatus
1447 4451 1589 4513 JJG,
1627 4448 1704 4501 ei·
1734 4450 1823 4501 rel.
1968 4455 2029 4501 16
2068 4448 2356 4501 hominum
2390 4451 2494 4503 Mo
2524 4452 2669 4516 [sort.
2699 4453 2932 4519 rect-ius),

630 4545 736 4586 xom.
765 4529 831 4583 N
2118 4528 2124 4537 “
