3259 5209
536 593 569 643 2
608 581 791 641 esset.
884 576 953 641 in
998 577 1168 642 circo
1229 579 1487 663 aurigas
1548 596 1967 661 cursoresque
2025 581 2092 642 et
2151 577 2547 642 confectores
2604 576 2908 657 ferarum,

608 687 675 749 et
719 705 1203 767 nonnumquam
1262 706 1341 747 ex
1394 684 1798 749 nobilissima
1852 685 2214 767 iuuentute,
2269 681 2591 767 produxit.
2685 682 2796 746 sed
2843 686 2910 746 et

606 790 837 855 Troiae
907 791 1121 854 lusum
1201 791 1401 855 edidit
1471 791 1989 876 frequentissime
2063 790 2380 855 maiorum
2455 789 2908 871 minorumque

606 918 982 981 puerorum,
1048 897 1247 981 prisci
1306 898 1649 983 decorique
1713 896 1910 962 moris
1979 898 2354 961 existimans
2415 895 2624 962 clarae
2685 894 2907 979 stirpis

608 1002 889 1067 indolem
946 1003 1038 1068 sic
1092 1007 1439 1069 notescere.
1530 1006 1600 1069 in
1655 1004 1782 1069 hoc
1834 1002 2080 1068 ludicro
2133 1002 2424 1069 Nonium
2480 1002 2906 1088 Asprenatem
2964 1029 2996 1070 ι

606 1110 791 1192 lapsu
839 1107 1246 1173 debilitatum
1302 1132 1496 1176 aureo
1550 1115 1781 1195 torque
1829 1110 2097 1175 donauit
2139 1131 2502 1195 passusque
2547 1114 2646 1174 est
2691 1110 2910 1192 ipsum

607 1220 1026 1299 posterosque
1071 1215 1387 1300 Torquati
1432 1219 1600 1283 ferre
1651 1239 2023 1304 cognomen.
2115 1240 2270 1282 mox
2312 1217 2508 1281 finem
2555 1216 2711 1281 fecit
2749 1216 2910 1280 talia

607 1322 833 1387 edendi
890 1322 1117 1389 Asinio
1172 1323 1465 1389 Pollione
1522 1330 1774 1389 oratore
1831 1324 2117 1411 grauiter
2170 1322 2622 1406 inuidioseque
2676 1322 2744 1386 in
2801 1345 2912 1391 cu·

604 1430 705 1492 ria
750 1434 979 1511 questo
1026 1428 1450 1513 A<e>sernini
1504 1432 1760 1515 nepotis
1816 1431 1917 1495 sui
1976 1451 2222 1513 casum,
2281 1430 2392 1513 qui
2449 1431 2515 1494 et
2568 1429 2708 1513 ipse
2761 1451 2909 1493 crus

606 1535 899 1621 fregerat.
2939 1562 2994 1603 ιο

540 1656 570 1704 3
786 1640 886 1705 Ad
938 1644 1257 1707 scaenicas
1307 1664 1569 1726 quoque
1614 1645 1681 1706 et
1725 1642 2140 1728 gladiatorias
2188 1664 2416 1726 operas
2463 1644 2530 1705 et
2575 1641 2910 1729 equitibus

606 1747 917 1813 Romanis
964 1749 1313 1832 aliquando
1360 1771 1517 1813 usus
1564 1751 1679 1832 est,
1724 1771 1950 1813 uerum
1996 1748 2179 1832 prius
2220 1770 2410 1831 quam
2451 1752 2712 1812 senatus
2759 1770 2910 1813 con-

610 1855 779 1918 sulto
840 1856 1341 1921 interdiceretur.
1439 1860 1666 1938 postea
1733 1855 1900 1919 nihil
1960 1876 2112 1918 sane
2179 1858 2627 1938 praeterquam
2694 1853 2910 1919 adule-

608 1962 970 2027 scentulum
1013 1962 1283 2045 Lycium
1329 1961 1596 2026 honeste
1643 1966 1866 2026 natum
1913 1959 2232 2043 exhibuit,
2278 1964 2528 2024 tantum
2578 1964 2652 2024 ut
2697 1964 2907 2024 osten-

609 2068 810 2152 deret,
870 2069 1043 2152 quod
1104 2072 1241 2132 erat
1300 2068 1582 2152 bipedali
1641 2070 1878 2150 minor,
1945 2067 2254 2132 librarum
2318 2066 2772 2150 septemdecim
2833 2088 2911 2131 ac
2939 2094 2990 2137 ιε

539 2189 572 2235 4
610 2176 787 2239 uocis
837 2175 1201 2239 immensae.
1294 2176 1573 2257 quodam
1623 2179 1839 2239 autem
1882 2175 2164 2238 muneris
2213 2173 2316 2237 die
2361 2174 2748 2238 Parthorum
2799 2173 2910 2237 ob-

611 2282 775 2346 sides
830 2287 986 2346 tunc
1040 2282 1322 2365 primum
1382 2281 1615 2345 missos
1676 2304 1794 2365 per
1845 2282 2121 2345 mediam
2175 2280 2480 2344 harenam
2539 2278 2619 2342 ad
2665 2283 2912 2363 specta-

610 2388 823 2451 culum
872 2388 1127 2451 induxit
1173 2407 1491 2471 superque
1538 2410 1605 2450 se
1649 2387 1953 2451 subsellio
1994 2386 2271 2452 secundo
2313 2386 2671 2451 collocauit.
2747 2386 2910 2449 sole-

609 2492 723 2558 bat
758 2494 955 2557 etiam
993 2495 1153 2557 citra
1190 2494 1703 2578 spectaculorum
1745 2494 1899 2579 dies,
1937 2496 1991 2558 si
2024 2494 2280 2576 quando
2310 2493 2465 2577 quid
2502 2493 2908 2557 inuisitatum

608 2601 1007 2685 dignumque
1068 2601 1333 2687 cognitu
1393 2602 1729 2665 aduectum
1789 2605 1980 2683 esset,
2042 2600 2108 2663 id
2167 2604 2349 2663 extra
2405 2600 2692 2663 ordinem
2750 2620 2908 2681 quo·
2939 2628 2994 2669 ιο

608 2707 767 2772 libet
812 2706 954 2772 loco
1002 2708 1360 2793 publicare,
1412 2712 1486 2771 ut
1532 2706 2002 2772 rhinocerotem
2051 2707 2222 2791 apud
2270 2704 2522 2790 Saepta,
2567 2706 2792 2792 tigrim
2841 2707 2907 2769 in

612 2836 857 2897 scaena,
904 2837 1179 2901 anguem
1230 2816 1704 2900 quinquaginta
1751 2813 2118 2879 cubitorum
2162 2834 2281 2897 pro
2329 2811 2612 2877 comitio,

541 2932 572 2980 5
789 2920 1045 2987 Accidit
1081 2923 1323 2986 uotiuis
1363 2919 1772 3005 circensibuS,
1807 2924 1879 2983 ut
1919 2923 2251 3003 correptus
2289 2918 2644 2983 ualitudine
2678 2918 2910 2983 lectica

612 3028 849 3091 cubans
907 3034 1119 3092 tensas
1176 3028 1539 3105 deduceret3
1604 3048 1829 3091 rursus
1886 3027 2334 3091 commissione
2388 3025 2716 3108 ludorum,
2770 3026 2909 3108 qui-

609 3135 729 3198 bus
777 3134 1101 3198 theatrum
1149 3134 1435 3198 Marcelli
1484 3134 1844 3217 dedicabat,
1901 3133 2116 3196 euenit
2160 3136 2236 3196 ut
2282 3132 2513 3196 laxatis
2561 3132 2756 3195 sellae
2804 3153 2910 3196 cu·
2937 3162 2992 3202 π

609 3242 767 3305 rulis
816 3242 1235 3326 compagibus
1293 3241 1546 3305 caderet
1602 3243 1890 3324 supinus
1973 3244 2285 3322 nepotum
2343 3260 2598 3323 quoque
2646 3260 2906 3302 suorum

611 3369 873 3409 munere
930 3369 1077 3412 cum
1133 3350 1609 3411 consternatum
1669 3348 1891 3410 ruinae
1942 3349 2119 3409 metu
2165 3345 2478 3427 populum
2523 3347 2796 3409 retinere
2845 3350 2910 3409 et

612 3454 989 3518 confirmare
1044 3454 1224 3518 nullo
1281 3454 1473 3517 modo
1531 3458 1776 3537 posset,
1833 3454 2090 3517 transiit
2137 3476 2170 3515 e
2217 3454 2359 3516 loco
2415 3474 2533 3516 suo
2589 3458 2784 3536 atque
2841 3454 2911 3516 in

615 3582 689 3623 ea
734 3564 913 3643 parte
964 3560 1268 3640 consedit,
1318 3582 1478 3642 quae
1527 3564 1824 3643 suspecta
1869 3561 2146 3623 maxime
2194 3563 2346 3623 erat.

505 3658 598 3724 44
790 3665 1133 3750 Spectandi
1171 3667 1689 3729 confusissimum
1732 3687 1804 3729 ac
1844 3667 2307 3729 solutissimum
2346 3687 2590 3730 morem
2631 3668 2908 3729 correxit
2939 3694 2994 3733 so

610 414 693 479 78
1308 414 1366 470 ο.
1406 413 1722 469 svnrom
1757 412 2204 480 TRANQVELI
3219 289 3238 495 l

756 3902 782 3948 1
816 3911 881 3947 ex
912 3895 1156 3961 equestri
1179 3901 1305 3962 post
1331 3894 1573 3947 ferarum
1609 3894 1737 3947 add.
1765 3894 1817 3947 G
1964 3900 1994 3945 2
2019 3896 2183 3961 prius
2202 3896 2260 3947 et
2286 3894 2387 3947 del.
2417 3895 2569 3948 Torr.
2725 3898 2757 3945 3
2787 3910 2910 3947 ma·

610 3977 790 4029 iorum
828 3994 860 4034 ς
909 3978 955 4043 (e
993 3976 1105 4029 cod.
1144 3977 1511 4028 uetustissimo
1550 3976 1712 4039 affert
1756 3976 1956 4041 Tem),
2001 3990 2334 4042 magnorum
2373 3978 2424 4026 ,Ω
2603 3980 2638 4025 4
2684 3972 2910 4029 delectu

604 4064 727 4125 post
764 4072 1063 4124 puerorum
1111 4055 1239 4108 add.
1282 4057 1341 4106 H
1351 4055 1553 4109 RP²0
1591 4057 1785 4124 (παῖς.)
1945 4060 1976 4105 6
2017 4071 2185 4107 aurea
2223 4058 2286 4107 H
2293 4054 2346 4106 R
2489 4052 2678 4122 ipsum
2713 4070 2814 4107 om.
2839 4056 2914 4108 M

613 4142 641 4189 7
682 4136 796 4189 alia
837 4136 1077 4205 MQRo*
1132 4142 1179 4189 et
1224 4135 1303 4187 sic
1344 4152 1447 4202 pro
1492 4152 1547 4187 u.
1598 4136 1631 4188 l.
1671 4152 1738 4188 ss.
1779 4134 1863 4187 Π2
1911 4133 2007 4201 (ali
2057 4134 2296 4186 aedendi
2338 4136 2411 4187 Μ
2419 4136 2437 4195 l
2583 4139 2614 4186 9
2661 4133 2909 4187 asernini

610 4218 815 4283 (aserni
860 4218 926 4281 G,
966 4215 1230 4269 asermini
1267 4216 1339 4284 V)
1380 4218 1457 4280 Ω,
1495 4233 1629 4269 corr.
1662 4215 1972 4268 Beroaldus
2120 4220 2184 4267 10
2223 4213 2524 4281 effregerat
2557 4216 2606 4265 T
2747 4219 2809 4266 11
2849 4215 2910 4267 et

608 4302 749 4366 (post
785 4300 1003 4364 operas)
1044 4312 1142 4349 om.
1184 4313 1217 4354 ς
1364 4301 1431 4348 14
1467 4294 1678 4362 lycium
1717 4294 1846 4365 (lyt-
1877 4296 1930 4361 S,
1974 4294 2074 4346 lic-
2104 4297 2163 4346 H
2179 4296 2237 4360 T,
2279 4294 2396 4347 luc·
2428 4294 2501 4362 R)
2531 4297 2607 4360 Ω,
2647 4294 2706 4347 L.
2737 4292 2909 4346 Itium

617 4380 797 4442 Torr„
836 4377 893 4429 L.
923 4377 1098 4429 icium
1138 4376 1283 4429 Roth
1458 4382 1521 4428 15
1564 4376 1654 4445 ao]
1693 4378 1754 4428 at
1783 4376 2015 4444 Bentley
2190 4380 2254 4427 19
2293 4373 2653 4427 inuisitatum
2693 4374 2828 4428 MR
2849 4374 2906 4438 T,

610 4458 805 4510 inusit-
844 4459 937 4511 rel.
1112 4463 1177 4509 22
1216 4459 1341 4527 pro]
1382 4456 1440 4509 in
1475 4456 1525 4509 G
1699 4461 1764 4507 27
1806 4472 1930 4507 cum
1969 4473 2068 4508 om.
2105 4455 2156 4508 G
2316 4472 2442 4507 cum
2481 4456 2802 4507 construere
2849 4456 2910 4505 et

610 4538 955 4591 confirimare
995 4539 1104 4605 (rel.
1145 4539 1373 4603 omissis)
1416 4536 1467 4589 V
1607 4542 1674 4589 ‘28
1714 4552 1876 4604 posse
1921 4535 2056 4589 MG·
