3259 5209
622 387 747 450 178
1322 383 1377 438 C.
1420 383 1733 459 svamm
1771 383 2216 450 TRANQVILLI

616 551 811 614 etiam
846 549 1101 612 nudam.
1166 549 1396 612 uxorio
1440 549 1700 612 nomine
1737 547 2036 631 dignatus
2074 552 2171 612 est
2209 551 2436 631 †quam
2477 549 2749 630 enixam,
2789 570 2924 612 uno

617 660 811 739 atque
858 656 1079 719 eodem
1130 653 1233 718 die
1278 655 1603 738 professus
1652 659 1717 719 et
1765 655 2066 719 maritum
2115 675 2180 718 se
2236 654 2371 720 eius
2417 657 2483 718 et
2528 659 2780 738 patrem
2826 655 2922 718 in-

545 781 577 828 4
619 763 815 827 fantis
864 786 941 826 ex
987 784 1059 825 ea
1106 766 1308 825 natae.
1392 760 1706 824 infantem
1755 766 1987 843 autem,
2033 759 2264 824 Iuliam
2305 759 2652 824 Drusillam
2703 761 2924 845 appel-

617 870 842 953 latam,
908 890 1024 952 per
1089 869 1376 932 omnium
1444 867 1703 932 dearum
1769 868 2010 950 templa
2075 869 2524 932 circumferens
2589 866 2924 932 Mineruae

618 977 863 1060 gremio
922 974 1231 1059 imposuit
1286 973 1708 1056 alendamque
1771 978 1836 1038 et
1901 974 2359 1038 instituendam
2426 973 2922 1038 commendauit.
2981 1002 3008 1040 5

616 1104 736 1163 nec
782 1081 917 1145 ullo
965 1081 1249 1145 firmiore
1296 1079 1535 1146 indicio
1584 1081 1682 1143 sui
1731 1081 1994 1145 seminis
2033 1103 2168 1145 esse
2207 1079 2504 1145 credebat
2541 1103 2733 1164 quam
2773 1081 2922 1144 feri-

617 1188 790 1266 tatis,
838 1211 999 1270 quae
1044 1188 1146 1252 illi
1195 1209 1450 1270 quoque
1497 1189 1680 1250 tanta
1725 1189 1856 1251 iam
1902 1191 2055 1252 tunc
2093 1192 2249 1270 erat,
2293 1189 2366 1250 ut
2401 1186 2656 1252 infestis
2696 1188 2923 1272 digitis

511 1295 601 1360 26
621 1317 734 1376 ora
782 1299 845 1358 et
894 1295 1118 1358 oculos
1166 1294 1360 1364 simul
1406 1292 1767 1358 ludentium
1815 1293 2160 1358 infantium
2204 1295 2564 1358 incesseret.
2655 1293 2800 1358 leue
2846 1316 2922 1358 ac

616 1400 929 1487 frigidum
996 1401 1082 1464 sit
1144 1400 1248 1463 his
1314 1399 1569 1483 addere,
1640 1422 1768 1482 quo
1836 1403 2235 1484 propinquos
2299 1402 2665 1482 amicosque
2729 1405 2921 1483 pacto

616 1507 1009 1590 tractauerit,
1061 1506 1500 1572 Ptolemaeum
1538 1505 1713 1592 regis
1749 1506 1945 1571 Iubae
1982 1507 2211 1590 filium,
2247 1507 2700 1574 consobrinum
2729 1529 2920 1571 suum
2953 1535 3008 1576 ιο

524 1667 534 1674 .
616 1653 703 1662 -
751 1618 888 1678 erat
934 1615 1104 1677 enim
1153 1618 1215 1677 et
1264 1613 1319 1676 is
1366 1612 1451 1677 M.
1489 1612 1738 1676 Antoni
1785 1635 1863 1676 ex
1912 1611 2136 1677 Selene
2183 1613 2316 1677 filia
2359 1635 2560 1697 nepos
2606 1651 2693 1660 —
2740 1617 2804 1677 et
2851 1614 2924 1677 in

618 1722 843 1804 primis
900 1721 1110 1803 ipsum
1170 1719 1568 1803 Macronem,
1628 1720 1836 1802 ipsam
1895 1719 2200 1802 Enniam,
2260 1719 2582 1784 adiutoroe
2638 1712 2924 1804 imperii:

621 1827 855 1911 quibus
888 1825 1187 1890 omnibus
1216 1847 1332 1909 pro
1361 1825 1855 1890 necessitudinis
1886 1827 2020 1890 iure
2049 1848 2293 1909 proque
2314 1825 2690 1890 meritorum
2709 1825 2924 1912 gratia

619 1938 883 2000 cruenta
928 1955 1104 1996 mors
1150 1932 1478 2017 persoluta
1526 1934 1640 1996 est.

548 2059 578 2104 2
796 2039 1022 2104 Nihilo
1068 2040 1465 2104 reuerentior
1512 2039 1800 2103 leniorue
1847 2061 2001 2124 erga
2043 2044 2358 2122 senatum,
2402 2040 2714 2123 quosdam
2753 2063 2922 2104 sum·
2954 2068 3006 2108 15

618 2147 743 2210 mis
797 2145 1158 2214 honoribus
1214 2143 1475 2209 functos
1534 2145 1613 2208 ad
1668 2145 1962 2210 essedum
2019 2146 2144 2210 sibi
2200 2167 2451 2210 currere
2497 2150 2760 2232 togatos
2805 2169 2925 2230 per

620 2252 867 2336 aliquot
926 2274 1235 2335 passuum
1297 2251 1475 2315 milia
1540 2256 1603 2315 et
1665 2252 1920 2316 cenanti
1985 2251 2174 2316 modo
2237 2252 2315 2314 ad
2373 2252 2666 2334 pluteum
2729 2253 2921 2316 modo

621 2359 699 2424 ad
754 2359 947 2442 pedes
1005 2361 1175 2421 stare
1232 2358 1593 2422 succinctos
1650 2358 1851 2422 linteo
1897 2380 2126 2440 passus
2172 2362 2298 2444 est3
2353 2359 2514 2423 alios
2563 2381 2707 2422 cum
2756 2359 2920 2424 clam

620 2465 1079 2549 interemisset,
1136 2466 1335 2528 citare
1382 2464 1587 2527 nihilo
1635 2466 1849 2528 minus
1897 2470 1969 2531 ut
2015 2467 2200 2529 uiuos
2245 2469 2712 2548 perseuerauit,
2768 2488 2922 2549 pau-

552 2589 582 2636 3
623 2594 732 2637 cos
778 2575 927 2654 post
983 2572 1115 2635 dies
1174 2570 1538 2634 uoluntaria
1584 2575 1792 2634 morte
1849 2571 2090 2654 perisse
2138 2572 2460 2635 mentitus.
2545 2573 2920 2636 consulibus
2953 2601 3004 2640 πο

621 2678 843 2742 oblitis
900 2677 976 2741 de
1029 2677 1231 2741 natali
1293 2699 1409 2740 suo
1471 2677 1717 2741 edicere
1773 2678 2116 2764 abrogauit
2171 2677 2619 2763 magistratum
2665 2680 2920 2763 fuitque

620 2807 733 2869 per
788 2784 1069 2848 triduum
1121 2785 1256 2847 sine
1314 2807 1564 2848 summa
1610 2789 1932 2868 potestate
1986 2807 2085 2849 res
2133 2807 2191 2868 p.
2229 2855 2232 2858 ,
2275 2789 2679 2867 quaestorem
2731 2807 2918 2848 suum

619 2893 688 2955 in
735 2892 1178 2955 coniuratione
1224 2892 1627 2954 nominatum
1676 2891 2032 2976 flagellauit
2071 2897 2247 2954 ueste
2287 2891 2568 2955 detracta
2608 2891 2919 2956 subiecta-

622 3021 747 3082 que
793 2998 1077 3062 militum
1122 2996 1412 3081 pedibuS,
1462 3019 1589 3079 quo
1639 2999 1822 3060 firme
1869 2998 2267 3062 uerberaturi
2316 2998 2703 3061 insisterent.

548 3124 581 3169 4
801 3103 1008 3168 Simili
1081 3104 1381 3186 superbia
1449 3103 1887 3186 uiolentiaque
1964 3109 2209 3168 ceteros
2277 3104 2580 3168 tractauit
2646 3103 2918 3167 ordines
2949 3133 3002 3172 εει

618 3211 1014 3294 inquietatus
1078 3211 1340 3274 fremitu
1402 3211 1684 3296 gratuita
1747 3211 1815 3276 in
1865 3213 2048 3288 ,circo
2114 3211 2255 3286 loca
2320 3212 2396 3274 de
2459 3211 2668 3278 media
2731 3215 2921 3274 nocte

622 3318 1093 3400 occupantium,
1144 3317 1351 3381 omnis
1397 3319 1681 3382 fustibus
1731 3317 1972 3403 abegit3
2029 3318 2167 3381 elisi
2215 3341 2329 3400 per
2375 3341 2519 3384 eum
2569 3317 2918 3381 tumultum

623 3425 858 3509 uiginti
888 3424 1164 3507 amplius
1202 3422 1448 3505 equites
1480 3423 1572 3508 R,
1611 3424 1880 3506 totidem
1921 3430 2265 3507 matronae,
2305 3446 2495 3507 super
2519 3425 2916 3487 innumeram

620 3530 876 3593 turbam
942 3535 1233 3593 ceteram.
1332 3529 1640 3594 scaenicis
1699 3531 1898 3613 ludis,
1965 3532 2134 3594 inter
2191 3529 2443 3614 plebem
2513 3537 2574 3594 et
2637 3530 2918 3612 equitem

725 3627 798 3713 ψ3
838 3627 905 3725 (if,
948 3662 1021 3714 ad
1050 3679 1108 3728 Ρ.
1142 3665 1269 3724 176,
1294 3666 1361 3713 10*

774 3792 797 3837 1
842 3802 1011 3851 quani
1065 3785 1288 3837 enixam
1335 3792 1453 3852 post
1502 3785 1711 3837 nudam
1763 3783 2028 3840 collocant
2077 3789 2124 3838 Τ
2157 3788 2373 3855 (uum),
2433 3803 2544 3839 non
2595 3785 2751 3854 prius
2795 3792 2918 3853 post

622 3863 845 3917 nomine
899 3866 1156 3917 earee'disse
1195 3867 1416 3916 uidetur
1454 3866 1680 3928 Rotleio,
1733 3865 1885 3931 haud
1937 3869 2066 3918 ante
2110 3873 2228 3933 post
2279 3866 2488 3918 nudam
2531 3865 2696 3930 ocum
2749 3880 2917 3932 quam

622 3952 935 4017 corruptum.
959 3952 1124 4011 putat
1153 3947 1420 3998 Be'icheler
1449 3945 1720 3998 coniciens
1749 3946 1898 4015 qua<
1908 3948 1996 3998 rtu
2008 3958 2100 4015 >m
2131 3948 2218 3999 uel
2245 3947 2445 4013 quarto
2595 3951 2625 3996 3
2664 3949 2802 3998 nata
2833 3947 2918 4008 M,

620 4025 742 4078 nati
774 4025 879 4077 ΧΗ
988 4031 1019 4076 6
1059 4025 1269 4076 indicio
1299 4023 1447 4078 T'1’2
1478 4023 1561 4091 (al
1592 4024 1800 4077 iudicio
1825 4025 1919 4091 11²,
1948 4027 2025 4078 sic
2061 4028 2307 4095 Bentley,
2333 4027 2403 4090 cf.
2427 4043 2485 4093 p.
2509 4029 2632 4089 164,
2656 4030 2764 4092 10),
2797 4031 2918 4092 post

620 4105 865 4158 feritatis
892 4105 1047 4158 habet
1073 4105 1119 4156 (ἶ
1147 4107 1320 4157 mse-io
1355 4123 1426 4157 an
1462 4107 1666 4169 melius,
1699 4123 1797 4158 om.
1829 4107 2135 4172 JI],1’¹(‹·t'.
2159 4106 2347 4158 Herm.
2365 4110 2506 4174 3612.
2527 4107 2662 4173 296)
2773 4110 2806 4157 8
2835 4105 2916 4157 in-

623 4185 852 4238 cesserit
883 4187 951 4248 L,
990 4188 1283 4252 appeteret
1312 4186 1379 4237 N
1537 4191 1597 4236 11
1643 4185 1710 4238 iis
1745 4187 1886 4250 MR,
1927 4186 2012 4238 his
2053 4187 2114 4239 1S¹
2279 4185 2508 4238 antonio
2541 4187 2652 4251 M1,
2701 4184 2914 4238 antonii

626 4265 720 4320 Μ’
750 4268 839 4318 rel.
968 4264 1167 4335 helene
1206 4267 1314 4317 {uel
1352 4281 1460 4328 -ne‚
1500 4265 1537 4316 h
1580 4268 1637 4318 in
1669 4269 1711 4319 »S
1735 4283 1824 4325 ss„
1863 4265 1986 4318 leue
2026 4268 2092 4332 T)
2125 4271 2182 4319 X
2319 4271 2382 4318 16
2422 4281 2706 4318 occurrere
2747 4264 2916 4328 T‘P2,

623 4361 907 4398 accurrere
942 4345 1172 4398 Casaub.
1325 4351 1386 4396 19
1418 4349 1481 4396 ut
1508 4345 1670 4397 uiuos
1711 4364 1809 4398 om.
1844 4363 1895 4409 ς,
1923 4347 2022 4398 del.
2056 4347 2285 4414 Bentley
2429 4351 2498 4398 20
2529 4345 2916 4414 <e>mentitus

622 4428 854 4493 Berethy
889 4427 1014 4490 fort.
1050 4432 1180 4477 recte
1291 4432 1357 4478 :24
1397 4441 1507 4492 qua
1548 4424 1700 4477 firme
1737 4428 1818 4478 ecel
1849 4427 2036 4493 potius
2065 4444 2173 4492 quo
2206 4425 2413 4477 firmius
2445 4426 2620 4478 Palak-
2729 4431 2795 4476 25
2837 4424 2916 4476 in-

622 4505 971 4572 solentiaque
1013 4507 1245 4575 Bentley
