3259 5209
1062 401 1515 457 DOMITIANVS
1555 412 1687 462 [oar.
1721 413 1894 463 17—201
2496 401 2620 465 351

324 587 503 648 quae
557 569 777 630 tamen
833 567 890 630 ei
946 566 1303 631 ualitudine
1358 567 1555 653 longa
1609 569 2100 630 remacruerant.
2193 564 2626 630 commendari
2665 580 2703 628 2

322 694 405 735 se
450 673 833 736 uerecundia
880 673 1009 737 oris
1056 674 1214 738 adeo
1261 673 1595 755 sentiebat,
1643 675 1718 736 ut
1755 670 1925 756 apud
1963 676 2258 736 senatum
2297 673 2389 736 sic
2428 693 2625 755 quon·

320 781 477 843 dam
540 780 903 844 iactauerit:
971 801 1211 863 usque
1269 780 1515 845 adhoc
1579 783 1788 844 certe
1849 784 1922 843 et
1981 779 2314 842 animum
2379 800 2622 842 meum

316 886 731 970 probastis
770 890 843 950 et
878 887 1197 952 uultum.
1281 886 1541 951 caluitio
1580 888 1672 950 ita
1710 885 2168 970 offendebatur,
2204 889 2279 948 ut
2307 885 2375 949 in
2404 889 2626 950 contu-

254 1019 283 1058 5
318 992 585 1056 meliam
634 1015 815 1056 suam
852 993 1153 1076 traheret,
1200 993 1255 1057 si
1303 993 1405 1058 cui
1445 993 1555 1057 alii
1594 993 1736 1057 ioco
1775 991 1880 1056 uel
1918 993 2130 1078 iurgio
2170 991 2625 1074 obiectaretur3

322 1099 630 1182 quamuis
658 1097 899 1182 libello,
938 1121 1124 1183 quem
1168 1099 1254 1164 de
1292 1121 1471 1164 cura
1499 1099 1960 1182 capillorum
1991 1098 2068 1162 ad
2099 1099 2376 1164 amicum
2407 1098 2630 1182 edidit,

320 1205 487 1270 haec
532 1206 746 1290 etiam,
792 1205 985 1270 simul
1031 1206 1216 1271 illum
1256 1227 1453 1290 seque
1491 1205 1849 1288 consolans,
1895 1206 2237 1270 inseruerit
2280 1206 2510 1288 (Hom.
2543 1204 2626 1268 Il.

318 1317 431 1396 231,
477 1313 671 1394 108>:

648 1420 771 1503 οὐχ
818 1419 1123 1506 ὀρά<ᾳ>ς,
1171 1411 1311 1496 οἷος
1355 1419 1535 1504 κάγὼ
1582 1422 1782 1496 καλός
1827 1443 1894 1484 τε
1941 1417 2142 1502 μέγας
2187 1439 2292 1496 τε;

230 1571 291 1610 ιο
323 1543 584 1608 eadem
652 1566 763 1608 me
826 1549 1078 1609 tamen
1144 1548 1448 1609 manent
1513 1543 1976 1629 capillorum
2039 1543 2228 1626 fata,
2292 1547 2366 1607 et
2427 1541 2621 1607 forti

320 1651 576 1714 animo
614 1651 782 1715 fero
827 1673 1111 1716 comam
1142 1653 1219 1715 in
1247 1650 1780 1716 adulescentia
1807 1654 2344 1716 senescentem.
2419 1649 2621 1714 scias

318 1779 460 1822 nec
505 1759 807 1844 gratius
856 1758 1263 1842 quicquam
1310 1758 1578 1822 decore
1624 1779 1759 1823 nec
1804 1758 2134 1822 breuius.
2217 1757 2460 1822 laboris
2498 1752 2733 1820 im-19

320 1866 576 1948 patiens
636 1864 910 1948 pedibus
964 1887 1081 1949 per
1132 1864 1358 1929 urbem
1414 1886 1547 1929 non
1602 1869 1844 1929 temere
1890 1864 2267 1947 ambulauit,
2321 1865 2390 1927 in
2436 1885 2621 1947 expe-

321 1970 569 2035 ditione
633 1977 697 2036 et
761 1971 1016 2058 agmine
1082 1993 1250 2055 equo
1317 1971 1542 2054 rarius,
1604 1972 1836 2036 lectica
1899 1971 2152 2035 assidue
2215 1973 2440 2034 uectus
2505 1975 2618 2034 est.

230 2103 287 2144 ιε
320 2099 652 2142 armorum
710 2065 911 2161 nullo,
969 2078 1349 2163 sagittarum
1414 2078 1519 2142 uel
1578 2079 1922 2162 praecipuo
1986 2077 2198 2142 studio
2283 2077 2621 2142 tenebatur

319 2189 621 2249 centenas
687 2185 850 2249 uarii
915 2185 1165 2270 generis
1228 2185 1397 2249 feras
1464 2206 1652 2270 saepe
1714 2185 1782 2249 in
1841 2184 2097 2249 Albano
2160 2204 2409 2248 secessu
2471 2205 2620 2248 con-

318 2291 644 2356 ficientem
704 2297 1076 2376 spectauere
1141 2293 1431 2376 plerique
1492 2296 1686 2375 atque
1748 2294 1943 2356 etiam
2005 2313 2083 2356 ex
2145 2292 2465 2355 industria
2525 2291 2620 2355 ita

318 2398 720 2482 quarundam
778 2401 989 2484 capita
1042 2399 1375 2484 figentem,
1429 2403 1505 2463 ut
1559 2398 1811 2464 duobus
1857 2398 2094 2462 ictibus
2143 2399 2330 2482 quasi
2375 2419 2621 2464 cornua

318 2503 616 2569 efficeret.
696 2526 1180 2588 nonnumquam
1228 2505 1296 2569 in
1340 2506 1525 2589 pueri
1570 2506 1799 2589 procul
1846 2506 2078 2570 stantis
2116 2503 2618 2590 praebentisque

230 2637 287 2676 20
318 2633 441 2694 pro
489 2610 755 2695 scopulo
803 2613 1169 2697 dispansam
1210 2613 1505 2677 dexterae
1543 2633 1770 2676 manus
1807 2612 2090 2697 palmam
2127 2613 2397 2698 sagittas
2437 2617 2618 2677 tanta

317 2723 458 2782 arte
505 2718 771 2803 derexit,
824 2723 899 2782 ut
946 2740 1167 2782 omnes
1214 2741 1330 2803 per
1365 2718 1707 2784 interualla
1753 2717 2105 2802 digitorum
2152 2720 2426 2783 innocue
2473 2739 2616 2782 eua-

319 2825 560 2889 derent.

496 2931 817 2996 Liberalia
853 2933 1067 2996 studia
1102 2932 1358 3015 imperii
1396 2931 1582 2997 initio
1618 2931 1926 3017 neglexit,
1975 2953 2344 3015 quanquam
2383 2931 2613 2996 bibh'o-
2630 2943 2729 3010 20

316 3039 541 3103 thecas
610 3039 906 3103 incendio
982 3037 1355 3123 absumptas
1424 3039 1896 3123 impensissime
1956 3060 2251 3122 reparare
2313 3044 2613 3124 curasset,

230 3171 283 3211 2⁵
316 3144 789 3229 exemplaribus
842 3147 1126 3229 undique
1171 3147 1394 3230 petitis
1440 3146 1786 3229 missisque
1833 3145 2302 3210 Alexandream
2353 3147 2464 3230 qui
2511 3147 2615 3210 de-

316 3250 671 3319 scriberent
706 3253 1265 3335 emendarentque.
1337 3274 1694 3336 numquam
1733 3257 1950 3316 tamen
1986 3257 2098 3317 aut
2133 3251 2443 3317 historiae
2481 3275 2612 3318 car-

460 3468 541 3516 15.
568 3468 633 3516 19
664 3464 819 3532 Epit.
842 3468 926 3528 11,
948 3467 982 3516 5
1003 3464 1337 3534 sagittarum
1361 3466 1481 3517 tam
1501 3463 1699 3517 doctus
1719 3463 1844 3529 fuit,
1874 3465 1938 3516 ut
1956 3463 2103 3517 inter
2121 3465 2380 3532 patentes
2401 3463 2614 3535 digitos

284 3563 291 3566 ·
314 3545 572 3596 extentae
602 3561 799 3597 manus
826 3543 937 3597 uiri
964 3543 1160 3613 procul
1188 3544 1359 3613 positi
1389 3543 1607 3612 spicula
1635 3544 2064 3597 transuolaront.
2184 3549 2251 3596 23
2292 3543 2447 3612 Epit.
2473 3551 2556 3611 11,
2576 3551 2610 3599 4

312 3622 685 3677 bibliothecas
712 3623 971 3677 incendio
1002 3627 1359 3692 consumptas
1387 3624 1581 3692 petitis
1609 3623 1874 3692 undique,
1905 3623 2234 3692 praesertim
2251 3623 2610 3691 Alexandria,

313 3703 583 3772 exemplis
619 3705 921 3772 reparauit.
1169 3693 1175 3702 ¹

458 3904 485 3951 1
514 3897 865 3952 ualitudine*
899 3900 973 3953 Μ
1146 3901 1561 3952 remarcuerant
1594 3899 1661 3964 G,
1701 3902 2088 3953 emacruerant
2121 3901 2378 3970 Bentley,
2418 3901 2612 3954 Duker

313 3976 585 4048 (longiore
612 3995 789 4032 macr·
817 3980 1105 4048 Iernstedt)
1314 3985 1344 4031 2
1383 3979 1664 4049 gestiebat
1693 3981 1964 4033 Heinsius
2171 3985 2202 4031 3
2241 3979 2423 4032 adhuc
2453 3982 2513 4032 H
2520 3980 2606 4046 ιρς

312 4059 488 4125 (edd),
529 4057 595 4110 ai·
624 4057 729 4112 hoc
756 4076 826 4114 ss.
858 4057 942 4113 Π*
1058 4062 1116 4112 et
1136 4075 1238 4113 om.
1265 4062 1315 4112 Τ
1438 4065 1468 4111 9
1506 4076 1573 4112 ss,
1602 4076 1716 4112 non
1747 4061 1899 4127 (num
1930 4057 2014 4126 δ”)
2043 4057 2203 4112 uides
2233 4062 2296 4111 tu
2326 4059 2608 4126 quomodo

312 4154 415 4207 ego
445 4137 623 4191 bonus
652 4141 709 4192 et
736 4156 973 4208 magnus
1002 4141 1064 4192 in
1093 4139 1191 4193 LS
1342 4145 1406 4193 10
1443 4156 1533 4192 me
1562 4141 1794 4192 manent
1819 4142 2006 4192 tamen
2040 4140 2249 4206 POST,
2288 4142 2478 4192 tamen
2515 4155 2608 4191 me

309 4219 539 4271 manent
567 4239 616 4284 ρ,
652 4237 742 4272 me
780 4223 969 4273 tamen
1006 4222 1297 4273 remanent
1326 4222 1386 4272 H
1509 4219 1662 4272 facta
1689 4223 1748 4272 X
1869 4225 1934 4273 19
1974 4218 2266 4289 effingeret
2293 4219 2606 4274 Beroaldus

311 4303 379 4349 20
426 4314 593 4366 scopo
646 4298 953 4367 Stephanus
995 4301 1186 4368 (παῖς.)
1387 4299 1698 4368 dispassam
1745 4299 1797 4354 G'·
1995 4305 2059 4352 21
2114 4298 2329 4352 derexit
2381 4317 2406 4352 ε
2459 4303 2606 4368 (teste

309 4379 793 4448 Preud'hommio)‚
833 4379 1108 4433 detexerit
1141 4380 1211 4449 Q,
1250 4379 1454 4432 direxit
1491 4379 1652 4448 (dirr-
1679 4382 1750 4448 P)
1787 4381 1880 4434 rel.
2063 4380 2335 4433 innocuae
2372 4380 2610 4449 Bentley

314 4457 473 4523 Oua„
507 4459 587 4511 sic
623 4459 679 4512 P
710 4465 761 4514 et
794 4460 863 4512 H
895 4460 1028 4526 (cod.
1060 4461 1243 4513 Paris.
1284 4463 1450 4527 8818)
1598 4466 1664 4512 23
1703 4459 1929 4528 imperii
1963 4476 2099 4514 corr.
2137 4477 2203 4513 ex
2249 4459 2484 4528 imperio
2515 4460 2605 4524 M,

308 4539 436 4592 inde
482 4537 715 4606 imperio
761 4539 903 4593 inito
949 4540 1181 4609 Bentley
1370 4545 1438 4591 24
1478 4541 1791 4607 assumptas
1827 4539 1954 4593 MT
2125 4540 2373 4608 reparari
2413 4540 2611 4594 Duker
