3259 5209
1025 410 1245 463 DIVVS
1282 410 1521 463 IVLWS
1560 421 1692 470 [car.
1725 421 1900 471 56—60]
2528 410 2608 472 31

310 576 565 659 patiens
612 579 765 639 erat.
850 575 915 637 in
964 574 1219 659 agmine
1266 594 1746 656 nonnumquam
1797 596 1990 657 equo,
2045 573 2298 656 saepius
2347 572 2615 655 pedibus

312 682 617 764 anteibat,
666 681 873 765 capite
920 680 1190 762 detect0‚
1238 702 1347 745 seu
1396 681 1493 743 sol
1541 702 1652 743 seu
1703 680 1906 744 imber
1951 683 2148 761 esset3
2202 680 2614 763 longissimas

312 790 455 853 uias
504 786 861 852 incredibili
912 786 1236 850 celeritate
1286 787 1587 869 confecit,
1638 786 1989 870 expeditne,
2038 786 2365 850 meritoria
2410 785 2614 867 raeda,

314 900 585 960 centena
628 916 933 979 passuum
982 894 1163 957 milia
1200 895 1265 957 in
1324 894 1613 977 singulos
1663 894 1825 977 dies3
1882 893 1935 955 si
1982 893 2249 956 fiumina
2295 912 2613 956 moraren-

257 1028 283 1067 5
315 1007 449 1084 tur,
494 1002 704 1065 nando
762 1001 1061 1067 traiciens
1110 999 1213 1064 uel
1260 1000 1521 1064 innixus
1568 1000 1810 1063 inflatis
1859 999 2138 1077 utribuS,
2193 1003 2266 1062 ut
2311 1021 2612 1082 persaepe

312 1109 577 1173 nuntios
638 1107 715 1171 de
780 1129 845 1171 se
908 1108 1326 1190 praeuenerit.
1420 1108 1487 1171 in
1548 1106 1858 1171 obeundis
1923 1106 2442 1189 expeditionibus
2505 1105 2718 1170 ‹lu-58

316 1216 494 1279 bium
562 1216 807 1279 cautior
872 1236 951 1277 an
1019 1214 1382 1295 audentior,
1456 1214 1806 1277 exercitum
1869 1234 2074 1296 neque
2134 1234 2262 1295 per·
2309 1212 2614 1275 insidiosa

316 1323 549 1385 itinera
604 1321 787 1385 duxit
843 1343 1145 1404 umquam
1202 1321 1326 1384 nisi
1384 1321 1865 1404 perspeculatus
1922 1319 2212 1383 locorum
2259 1320 2451 1401 situs,
2511 1340 2613 1381 ne-

317 1450 443 1511 que
508 1430 575 1491 in
638 1427 1035 1491 Britanniam
1104 1428 1490 1507 transuexit,
1554 1427 1680 1491 nisi
1745 1430 1893 1489 ante
1957 1447 2070 1508 per
2135 1448 2202 1490 se
2265 1430 2490 1509 portus
2553 1432 2614 1488 et

234 1560 288 1597 ιο
315 1534 797 1619 nauigationem
855 1539 918 1598 et
973 1556 1297 1599 accessum
1358 1533 1437 1596 ad
1494 1532 1768 1597 insulam
1827 1534 2235 1615 explorasset.
2331 1535 2397 1594 at
2447 1531 2613 1595 idem

318 1640 688 1705 obsessione
736 1644 1089 1705 castrorum
1148 1642 1215 1703 in
1264 1638 1601 1703 Germania
1647 1640 1944 1703 nuntiata
1991 1662 2102 1721 per
2149 1640 2456 1703 stationes
2503 1638 2614 1701 ho-

318 1749 513 1810 stium
565 1744 808 1811 Gallico
856 1747 1083 1811 habitu
1131 1748 1491 1830 penetrauit
1538 1748 1618 1809 ad
1665 1768 1830 1811 suos.
1919 1768 1955 1807 a
1992 1744 2340 1809 Brundisio
2379 1744 2615 1827 Dyrra-
2653 1762 2684 1809 2

319 1853 537 1918 chium
603 1854 769 1916 inter
834 1852 1159 1937 oppositas
1217 1852 1449 1917 classes
1506 1853 1715 1916 hieme
1771 1852 2129 1916 transmisit
2197 1850 2616 1915 cessantibus-

319 1982 444 2043 que
501 1960 732 2043 copiis,
790 1944 948 2042 quas
1005 1960 1309 2043 subsequi
1368 1961 1663 2039 iusserat,
1718 1981 1860 2022 cum
1910 1958 1989 2022 ad
2037 1957 2442 2022 arcessendas
2488 1957 2614 2020 fru—

240 2092 289 2130 15
319 2071 453 2129 stra
516 2087 701 2148 saepe
766 2065 1068 2145 misisset,
1142 2066 1489 2129 nouissime
1566 2066 1702 2148 ipse
1768 2064 1932 2128 clam
2007 2068 2201 2128 noctu
2271 2066 2615 2148 paruulum

317 2172 654 2258 nauigium
708 2170 885 2236 solus
942 2172 1249 2236 obuoluto
1317 2174 1527 2256 capite
1584 2171 1980 2253 conscendit,
2043 2193 2249 2254 neque
2306 2175 2417 2233 aut
2473 2171 2616 2254 quis

321 2282 486 2342 esset
558 2283 703 2342 ante
765 2278 1005 2341 detexit
1074 2283 1185 2342 aut
1247 2280 1740 2364 gubernatorem
1809 2278 2028 2342 cedere
2097 2278 2398 2341 aduersae
2468 2282 2598 2341 tem

321 2386 555 2469 pestati
602 2407 826 2468 passus
873 2390 971 2449 est
1009 2408 1200 2469 quam
1240 2407 1438 2469 paene
1477 2386 1746 2450 obrutus
1784 2385 2103 2449 fiuctibus
2189 2408 2268 2448 ue
2308 2385 2614 2468 religione
2630 2385 2722 2449 59

323 2492 583 2574 quidem
629 2490 762 2555 ulla
808 2515 845 2556 a
890 2514 1215 2575 quoquam
1271 2494 1528 2575 incepto
1586 2492 1966 2555 absterritus
2025 2513 2328 2574 umquam
2378 2493 2480 2555 uel
2527 2513 2618 2555 re-

238 2624 294 2661 20
322 2600 611 2663 tardatus
658 2603 769 2662 est.
864 2620 1009 2663 cum
1060 2600 1419 2663 immolanti
1472 2599 1832 2682 aufugisset
1877 2597 2108 2678 hostia,
2153 2598 2616 2682 profectionem

322 2704 628 2768 aduersus
686 2704 1051 2787 Scipionem
1108 2710 1171 2769 et
1226 2704 1453 2769 Iubam
1509 2727 1640 2769 non
1689 2704 1956 2768 distulit.
2038 2706 2376 2787 prolapsus
2423 2705 2618 2767 etiam

323 2812 393 2874 in
438 2832 699 2893 egressu
753 2813 938 2876 nauis
994 2834 1181 2877 uerso
1238 2812 1317 2875 ad
1376 2812 1602 2876 melius
1663 2813 1899 2875 omine:
1955 2817 2178 2874 teneo
2235 2817 2333 2892 te,
2390 2811 2619 2893 inquit,

324 2914 602 2981 Africa.
696 2918 773 2981 ad
830 2917 1174 2983 eludendas
1232 2923 1445 2984 autem
1493 2918 2018 2999 uaticinationes,
2073 2917 2305 3001 quibus
2352 2917 2508 2979 felix
2555 2922 2620 2980 et

324 3024 635 3087 inuictum
702 3026 769 3089 in
834 3048 907 3091 ea
970 3026 1303 3109 prouincia
1377 3026 1662 3090 fataliter
1729 3023 2101 3107 Scipionum
2165 3045 2399 3087 nomen
2461 3022 2616 3085 fere-

242 3156 295 3193 25
326 3130 541 3212 batur,
599 3130 1144 3215 despectissimum
1206 3132 1521 3215 quendam
1578 3154 1656 3195 ex
1706 3130 2145 3194 Corneliorum
2200 3152 2457 3215 genere,
2517 3132 2618 3192 cui

322 3235 403 3298 ad
460 3238 879 3320 opprobrium
936 3239 1106 3303 uitae
1154 3237 1470 3302 Saluitoni
1518 3260 1876 3323 cognomen
1924 3244 2086 3320 erat,
2143 3238 2204 3300 in
2257 3238 2480 3299 castris
2530 3259 2618 3299 se-

328 3364 473 3406 cum
522 3342 765 3408 habuit.

503 3449 757 3515 Proelia
800 3474 931 3515 non
979 3458 1225 3517 tantum
1280 3453 1617 3535 destinatO,
1667 3450 1776 3515 sed
1822 3473 1900 3514 ex
1948 3452 2280 3523 occasione
2330 3450 2620 3512 sumebat
2638 3452 2729 3513 60

328 3578 403 3621 ac
457 3578 645 3641 saepe
701 3558 779 3621 ab
836 3560 1064 3623 itinere
1119 3560 1366 3642 statim,
1424 3558 1741 3621 interdum
1799 3556 2228 3639 spurcissimis
2285 3559 2620 3638 tempesta-

245 3687 301 3726 εο
330 3663 521 3748 tibus,
568 3686 711 3729 cum
773 3665 1034 3729 minime
1090 3666 1231 3748 quis
1280 3670 1606 3729 moturum
1655 3669 1936 3748 putaret3
1992 3684 2108 3727 nec
2163 3662 2288 3725 nisi
2335 3666 2621 3745 tempore

473 3979 504 4026 3
542 3972 844 4027 uelocitate
872 3980 921 4027 et
947 3974 1364 4042 expedib(11s>G
1507 3972 1678 4025 raeda.
1702 3972 1878 4041 MQ1,
1906 3972 2082 4024 rheda
2104 3971 2245 4041 (rhe-
2267 3972 2340 4037 L)
2377 3969 2623 4038 I'LHoe,

330 4054 466 4107 reda
501 4054 595 4107 rel.
743 4058 775 4107 8
814 4054 1273 4122 praespeculatus
1319 4054 1363 4122 Q
1410 4055 1507 4117 (sic
1557 4054 1848 4107 uoluerunt
1886 4054 2116 4119 Bentley
2155 4053 2275 4119 al),
2323 4066 2622 4118 perspecu-

330 4134 477 4188 latos
516 4136 683 4187 ΧΝδ
829 4140 859 4185 9
900 4134 1008 4186 nisi
1048 4134 1197 4205 (ut)
1239 4134 1434 4187 Modd.
1581 4148 1682 4201 per
1720 4150 1776 4184 se
1815 4133 1914 4184 del.
1958 4133 2234 4191 Isth-oss,-
2282 4133 2622 4183 coniecerunt

331 4216 571 4283 praeter,
606 4230 709 4283 per
746 4230 901 4280 nuos,
948 4230 1243 4283 persaepe,
1292 4212 1437 4281 ipse3
1490 4213 1762 4265 audacius
1801 4228 1901 4279 per
1940 4210 2458 4281 <Volu>se<num>
2499 4226 2621 4276 por-

330 4294 500 4349 tubus
548 4299 607 4347 et
650 4294 1017 4363 nauigatione
1056 4296 1111 4346 et
1160 4310 1385 4347 accessu
1428 4336 1437 4345 .
1470 4336 1480 4345 .
1516 4336 1525 4345 .
1568 4292 1872 4360 exploratis
1913 4293 2086 4345 Polak
2235 4297 2298 4343 14
2339 4306 2623 4342 accersen-

333 4375 434 4427 das
481 4377 533 4427 52
680 4380 745 4427 20
794 4373 1072 4427 immolati
1123 4375 1257 4427 MV
1395 4378 1461 4425 ‘26
1510 4373 1775 4441 probrum
1827 4372 1876 4421 G
2023 4370 2284 4423 salnitem
2333 4370 2428 4435 L1,
2477 4370 2623 4421 salu-

333 4455 473 4507 tioni
514 4472 545 4513 ς
691 4459 759 4506 28
808 4454 1120 4507 destinatos
1172 4455 1241 4519 V,
1288 4453 1443 4523 (ex)
1483 4452 1765 4505 destinato
1806 4452 1981 4504 Burm
2148 4454 2232 4503 set
2279 4468 2346 4503 ex
2386 4452 2479 4516 M,
2529 4450 2622 4501 sed

334 4537 413 4589 Πι
452 4538 711 4605 (Burm.),
748 4534 845 4587 sed
883 4536 941 4587 et
976 4535 1063 4587 uel
1101 4534 1199 4588 sed
1238 4533 1377 4604 (et)
1417 4548 1483 4586 ex
1526 4534 1754 4600 Bentley
1899 4536 1966 4581 30
2007 4534 2256 4599 speraret
2295 4533 2354 4582 Π
2363 4548 2394 4588 ς
2433 4532 2625 4599 (κταρ.)
