3259 5209
1048 456 1185 511 Drv
1192 456 1275 511 VS
1313 456 1696 511 AVGVSTVS
1733 470 1866 519 JcAr.
1900 470 2074 519 ιιι-ια]
2594 458 2677 523 57

378 626 631 685 meatus
685 620 1045 704 famemque
1092 622 1670 706 ingrauescentem3
1730 620 1932 686 donec
1977 621 2252 685 nauibus
2300 644 2378 685 ex
2426 623 2678 707 integro

378 725 714 791 fabricatis
742 749 817 791 ac
844 728 1082 813 uiginti
1120 750 1454 792 seruorum
1487 726 1749 793 milibus
1787 729 2193 793 manumissis
2233 732 2297 793 et
2324 730 2404 793 ad
2432 749 2678 793 remum

382 833 549 897 datis
614 838 874 917 portum
940 832 1177 898 Iulium
1246 834 1419 917 apud
1480 832 1673 899 Baias
1739 835 2006 899 inmisso
2072 838 2137 899 in
2203 835 2550 901 Lucrinum
2616 841 2682 900 et

384 938 713 1004 Auernum
760 941 971 1005 lacum
1018 940 1177 1005 mari
1226 941 1452 1005 effecit.
1538 942 1607 1004 in
1655 964 1782 1024 quo
1831 964 1976 1007 cum
2023 942 2230 1006 hieme
2279 946 2417 1006 tota
2465 941 2680 1026 copias

322 1074 349 1113 ε.
381 1047 787 1132 exercuisset,
832 1046 1211 1131 Pompeium
1268 1049 1438 1111 inter
1482 1047 1694 1131 Mylas
1749 1051 1812 1111 et
1867 1046 2278 1113 Naulochum
2335 1048 2683 1131 superauit,

384 1138 503 1217 sub
550 1154 777 1217 horam
822 1174 1077 1238 pugnae
1122 1158 1257 1217 tam
1306 1158 1446 1218 arto
1494 1158 1756 1237 repente
1803 1176 2030 1219 somno
2077 1155 2435 1238 deuinctuS,
2482 1158 2555 1219 ut
2601 1155 2682 1218 ad

384 1260 663 1323 dandum
711 1260 966 1345 signum
1024 1260 1103 1323 ab
1161 1261 1381 1323 amicis
1438 1261 1846 1326 excitaretur.
1931 1260 2098 1325 unde
2145 1261 2503 1345 praebitam
2552 1260 2683 1325 An-

382 1365 565 1430 tonio
612 1366 945 1430 materiam
993 1369 1215 1451 putem
1255 1366 1712 1451 exprobrandi:
1757 1388 1848 1431 ne
1894 1370 2130 1432 rectis
2168 1367 2471 1452 quidem
2510 1387 2682 1432 ocu-

383 1473 483 1536 lis
538 1495 701 1537 eum
758 1474 1103 1556 aspicere
1160 1474 1511 1556 potuisse
1573 1474 2037 1539 instructam
2094 1476 2355 1558 aciem,
2419 1496 2682 1538 uerum

295 1608 351 1647 ιο
382 1580 771 1664 supinum,
828 1580 1118 1644 caelum
1176 1579 1640 1664 intuentem,
1697 1581 2086 1665 stupidum
2145 1580 2500 1646 cubuisse
2545 1602 2680 1644 nec

382 1687 599 1770 prius
645 1687 1077 1749 surrexisse
1132 1708 1217 1750 ac
1262 1686 1655 1751 militibus
1713 1687 1790 1751 in
1837 1691 2331 1772 conspectum
2378 1687 2682 1751 uenisse

384 1814 601 1875 quam
658 1816 695 1856 a
742 1791 827 1856 Μ.
868 1792 1212 1879 Agrippa
1264 1793 1581 1879 fugatae
1635 1793 1794 1859 sint
1846 1793 2187 1859 h'ostium
2239 1816 2486 1859 naueS.
2570 1793 2682 1857 alii

383 1899 625 1963 dictum
664 1899 1035 1982 factumque
1072 1899 1210 1963 eius
1248 1900 1691 1984 criminantur,
1729 1903 1911 1983 quasi
1949 1901 2260 1966 classibus
2297 1903 2681 1984 tempestate

383 2005 655 2089 perditis
691 2006 1147 2071 exclamauerit
1184 2006 1415 2071 etiam
1462 2006 1718 2071 inuito
1755 2006 2117 2091 Neptuno
2153 2008 2568 2071 uictoriam
2605 2029 2681 2071 se

294 2139 352 2179 15
384 2111 860 2197 adepturum,
934 2136 1009 2177 ac
1074 2111 1175 2176 die
1241 2114 1620 2178 circensium
1686 2114 1982 2197 proximo
2047 2113 2344 2179 sollemni
2407 2136 2682 2199 pompae

383 2218 796 2283 simulacrum
843 2219 942 2284 dei
991 2219 1356 2283 detraxerit.
1430 2241 1548 2285 nec
1586 2224 1825 2285 temere
1872 2221 2060 2305 plura
2107 2241 2180 2285 ac
2225 2223 2473 2285 maiora
2517 2221 2683 2304 peri-

384 2327 526 2389 cula
572 2326 707 2390 ullo
756 2325 883 2390 alio
931 2324 1103 2391 bello
1153 2326 1327 2390 adiit.
1409 2329 1682 2391 traiecto
1730 2328 1799 2391 in
1846 2326 2130 2392 Siciliam
2178 2327 2490 2411 exercitu,
2537 2348 2680 2391 cum

381 2436 631 2514 partem
680 2432 995 2515 reliquam
1042 2432 1371 2517 copiarum
1421 2433 1781 2499 continenti
1826 2438 2164 2518 repeteret,
2210 2456 2556 2519 oppressus
2603 2456 2682 2497 ex

382 2538 712 2622 inprouiso
761 2562 799 2603 a
836 2538 1233 2605 Demochare
1272 2546 1335 2604 et
1372 2539 1828 2625 Apollophane
1866 2540 2211 2624 praefectis
2247 2540 2516 2625 Pompei
2551 2563 2682 2605 uno

294 2672 355 2711 ευ
383 2645 639 2709 demum
684 2646 947 2731 nauigio
984 2647 1335 2733 aegerrime
1374 2646 1617 2732 effugit.
1693 2648 1928 2711 iterum
1967 2667 2111 2712 cum
2150 2653 2406 2733 praeter
2441 2648 2683 2711 Locros

381 2750 658 2837 Regium
704 2752 977 2836 pedibus
1025 2754 1147 2817 iret
1194 2757 1259 2816 et
1305 2754 1668 2837 prospectis
1706 2753 2061 2818 biremibus
2099 2754 2512 2838 Pompeianis
2558 2758 2682 2817 ter-

382 2879 519 2922 ram
577 2858 941 2944 legentibus
998 2880 1148 2923 suas
1214 2864 1391 2923 ratus
1452 2860 1882 2924 descendisset
1947 2860 2026 2925 ad
2082 2860 2266 2943 litus,
2321 2881 2522 2945 paene
2581 2880 2682 2924 ex-

385 2970 609 3047 ceptus
655 2970 770 3029 est.
852 2970 1009 3029 tunc
1054 2967 1248 3029 etiam
1294 2987 1409 3049 per
1456 2965 1679 3031 deuios
1737 2967 2028 3031 tramites
2085 2967 2508 3052 refugientem
2558 2988 2684 3030 ser-

382 3093 505 3135 uus
557 3070 798 3136 Aemili
852 3071 1037 3135 Pauli
1093 3072 1349 3136 comitis
1407 3072 1571 3154 eius,
1630 3072 1850 3137 dolens
1905 3074 2338 3157 proscriptum
2397 3072 2552 3137 olim
2600 3072 2681 3136 ab

294 3203 355 3243 25
383 3200 457 3242 eo
506 3182 758 3262 patrem
811 3176 1085 3243 Paulum
1142 3182 1207 3242 et
1263 3178 1443 3261 quasi
1498 3180 1830 3244 occasione
1877 3179 2145 3244 ultionis
2191 3179 2434 3263 oblata,
2489 3179 2682 3243 inter-

380 3286 570 3351 ficere
618 3290 887 3350 conatus
936 3289 1049 3349 est.

558 3390 720 3455 Post
782 3390 1048 3476 Pompei
1111 3390 1332 3477 fugam
1410 3392 1802 3479 collegarum
1876 3394 2150 3459 alterum
2215 3392 2300 3458 M.
2347 3392 2681 3475 Lepidum,

384 3518 574 3582 quem
632 3520 711 3561 ex
755 3496 977 3561 Africa
1031 3499 1102 3562 in
1157 3498 1466 3562 auxilium
1524 3504 1851 3582 euocarat,
1911 3500 2388 3585 superbientem
2445 3498 2682 3584 uiginti

528 3688 592 3735 27
606 3699 725 3749 sqq.
765 3684 835 3749 cf.
880 3684 1029 3737 Oros.
1072 3684 1153 3736 V1
1190 3688 1289 3748 18,
1315 3688 1392 3737 28
1438 3683 1629 3751 ibique
1678 3686 1762 3753 (in
1799 3684 2014 3751 Sicilia)
2055 3684 2329 3752 Lepidum
2376 3700 2445 3737 ex
2490 3682 2682 3735 Africa

384 3762 788 3816 aduentantem
844 3762 1075 3815 obuium
1129 3762 1357 3827 habuit,
1414 3780 1660 3816 summas
1718 3763 1827 3816 sibi
1882 3766 2072 3833 partes
2118 3767 2353 3829 terrore,
2401 3762 2568 3815 minis
2617 3779 2682 3815 ac

382 3842 648 3911 superbia
686 3842 1085 3897 uindicantem.
1174 3845 1262 3898 VI
1292 3849 1381 3907 18,
1411 3847 1483 3897 30
1522 3842 1766 3912 Lepidus
1803 3860 2012 3911 magna
2041 3842 2247 3911 uiginti
2275 3842 2559 3912 legionum
2598 3842 2682 3894 in-

384 3922 625 3976 solentia
660 3925 882 3976 tumens
966 3924 1053 3978 VI
1085 3928 1185 3989 18,
1215 3928 1288 3977 32
1334 3923 1579 3991 Lepidus
1611 3965 1657 3977 ..
1682 3966 1693 3977 .
1725 3922 1961 3991 supplex
2008 3922 2233 3976 Caesari
2279 3922 2464 3976 factus
2502 3922 2683 3975 uitam

382 4004 445 4055 et
479 4001 631 4055 bona
666 4002 1011 4071 impetrauit,
1050 4005 1323 4071 perpetuo
1363 4003 1591 4069 quidem
1629 4003 1962 4057 amandatus
2000 4001 2183 4057 exilio.

528 4186 560 4233 ὃ
599 4180 763 4234 milas
793 4180 927 4249 (-ias
956 4180 1113 4249 P1T)
1149 4182 1259 4235 GX
1260 4183 1271 4197 '
1287 4183 1347 4247 Τ,
1382 4166 1612 4248 tmopyl’
1639 4180 1805 4233 milas
1838 4182 1922 4245 M,
1959 4178 2170 4234 milites
2199 4183 2234 4233 δ
2343 4186 2373 4233 6
2404 4179 2541 4232 hora
2571 4181 2620 4233 T

384 4276 417 4313 e
456 4263 575 4313 tam
613 4262 734 4313 arto
758 4262 845 4327 M,
884 4263 1157 4315 etamsi-te
1182 4261 1232 4313 G
1272 4261 1467 4329 (etiam
1496 4277 1686 4329 pugne
1718 4262 1840 4313 arto
1870 4262 1925 4329 ὃ)
2035 4260 2291 4313 deuictus
2321 4258 2454 4311 X'Y
2561 4264 2589 4311 7
2631 4259 2682 4312 ei

378 4346 505 4408 post
540 4339 689 4393 unde
726 4341 854 4394 add.
885 4340 1037 4395 PST
1067 4342 1147 4409 (in
1177 4343 1232 4394 P
1266 4343 1432 4395 uerba
1470 4343 1535 4393 ut
1574 4340 1648 4393 ad
1686 4340 1934 4393 dandum
1972 4358 2136 4409 usq-ue
2164 4340 2410 4393 Antonio
2439 4340 2502 4392 in
2541 4358 2682 4393 mar-

382 4421 511 4489 gine
540 4420 737 4474 addita
762 4424 913 4490 sunt)
1054 4426 1118 4473 10
1158 4422 1498 4489 stupendum
1530 4421 1582 4472 V
1715 4427 1776 4472 11
1819 4420 1990 4473 fuisse
2012 4421 2210 4474 LP¹S¹
2348 4424 2414 4473 16
2456 4418 2682 4471 deinde-

384 4500 621 4553 traxerit
644 4502 718 4555 M
726 4501 804 4567 G,
844 4500 935 4553 die
966 4500 1272 4554 detraxerit
1303 4502 1354 4554 V
1386 4500 1498 4571 (dei
1528 4502 1590 4553 in
1613 4501 1666 4554 R
1694 4504 1784 4569 38.)
1933 4507 1996 4553 18
2029 4500 2144 4572 <e>
2177 4498 2488 4554 continenti
2510 4500 2684 4553 Polak

386 4584 455 4631 25
494 4579 732 4633 Paulum
769 4581 869 4635 del.
898 4582 1077 4636 Polak
1115 4582 1289 4651 leyens
1325 4588 1491 4634 antea
1529 4580 1771 4633 dolentis
