3259 5209
1152 457 1486 514 TIBERIVS
1526 470 1659 520 [cn.
1687 467 1866 520 u-481
2531 457 2658 522 145

356 620 617 704 theatri,
674 621 1051 706 imperfecta
1105 627 1255 706 post
1314 626 1415 688 tot
1470 643 1674 686 annos
1719 619 1984 706 reliquit
2031 658 2100 668 —
2162 643 2369 706 neque
2416 627 2660 707 specta-

356 727 503 792 cula
559 727 823 792 omnino
880 728 1107 814 edidit3
1170 734 1235 795 et
1280 728 1389 813 iis,
1444 749 1609 814 quae
1655 729 1736 793 ab
1784 727 2002 814 aliquo
2049 728 2416 812 ederentur,
2474 728 2662 792 raris·

356 833 519 898 sime
586 834 910 919 interfuit,
973 857 1053 900 ne
1116 834 1275 920 quid
1330 839 1812 920 exposceretur,
1879 835 2104 918 utique
2158 839 2504 920 postquam
2559 857 2664 902 co-

354 940 659 1006 moedum
681 939 945 1006 Actium
978 946 1236 1008 coactus
1264 945 1363 1006 est
1390 942 1862 1034 manumittere.
1909 963 2262 1027 paucorum
2293 946 2664 1006 senatorum

288 1072 327 1111 -s
360 1045 585 1132 inopia
638 1051 1022 1133 sustentata,
1074 1071 1155 1114 ne
1210 1048 1509 1134 pluribus
1566 1069 1756 1134 opem
1813 1050 2036 1132 ferret,
2089 1049 2356 1135 negauit
2401 1071 2468 1114 se
2515 1047 2664 1114 aliis

356 1153 830 1220 subnenturum
841 1205 861 1240 ,
926 1154 1051 1219 nisi
1108 1156 1359 1220 senatui
1416 1155 1619 1220 iustas
1681 1155 2164 1222 necessitatium
2229 1177 2452 1222 causas
2515 1177 2662 1239 pro-

356 1261 634 1326 bassent.
720 1283 851 1344 quo
910 1267 1101 1346 pacto
1155 1262 1499 1348 plerosque
1554 1261 1872 1327 modestia
1925 1265 1992 1326 et
2036 1261 2283 1348 pudore
2329 1261 2661 1347 deterruit,

354 1367 425 1432 in
484 1368 723 1453 quibus
778 1367 1154 1454 Hortalum,
1211 1367 1435 1446 Quinti
1482 1368 1795 1434 Hortensi
1853 1369 2128 1434 oratoris
2174 1373 2501 1453 nepotem,
2549 1368 2664 1454 qui

358 1475 731 1558 permodica
787 1497 855 1540 re
901 1475 1207 1540 familiari
1255 1481 1515 1540 auctore
1560 1475 1859 1562 Augusto
1918 1479 2226 1559 quattuor
2277 1475 2520 1542 liberos
2563 1481 2663 1542 tu-

270 1604 331 1646 ιο
360 1581 542 1646 lerat.

534 1688 802 1754 Publice
868 1689 1377 1754 munificentiam
1442 1689 1545 1754 bis
1610 1691 1875 1754 omnino
1937 1689 2261 1772 exhibuit,
2325 1689 2660 1774 proposito
2672 1685 2769 1752 48

356 1795 569 1860 milies
610 1795 983 1860 sestertium
1018 1795 1307 1882 gratuito
1347 1796 1414 1860 in
1462 1796 1703 1861 trienni
1739 1799 1995 1882 tempus
2033 1800 2100 1860 et
2135 1817 2356 1860 rursus
2402 1795 2664 1880 quibus-

358 1901 503 1966 dam
564 1902 843 1967 dominis
900 1902 1287 1988 insularum,
1344 1925 1507 1987 quae
1552 1903 1621 1967 in
1679 1906 1898 1967 monte
1947 1901 2167 1970 Caelio
2215 1903 2663 1990 deflagrarant,

358 2007 570 2094 pretio
619 2008 939 2074 restituto.
1022 2031 1299 2092 quorum
1346 2009 1619 2074 alterum
1667 2031 1903 2096 magna
1945 2009 2328 2074 difficultate
2372 2031 2664 2074 numma-

268 2139 325 2178 ιε
358 2115 454 2179 ria
505 2115 748 2200 populo
804 2115 1117 2180 auxilium
1173 2116 1509 2202 flagitante
1568 2121 1826 2181 coactus
1891 2120 1987 2180 est
2041 2115 2252 2182 facere
2260 2166 2278 2199 ,
2343 2138 2490 2180 cum
2545 2137 2666 2200 per

354 2227 617 2286 senatus
663 2221 1029 2288 consultum
1077 2222 1421 2308 sanxisset,
1474 2227 1549 2287 ut
1594 2223 2027 2288 faeneratores
2084 2224 2239 2288 duas
2285 2223 2662 2307 patrimonii

355 2333 573 2413 partes
638 2329 706 2392 in
770 2330 909 2394 solo
986 2329 1407 2416 collocarent,
1484 2330 1806 2394 debitores
1879 2327 2152 2394 totidem
2226 2331 2392 2395 aeris
2464 2330 2662 2395 alieni

355 2435 577 2500 statim
625 2435 967 2520 soluerent,
1016 2457 1131 2500 nec
1176 2459 1278 2500 res
1316 2437 1754 2522 expediretur3
1800 2437 2076 2502 alterum
2113 2436 2196 2502 ad
2231 2437 2662 2524 mitigandam

356 2545 725 2626 temporum
782 2543 1207 2609 atrocitatem.
1301 2543 1475 2627 quod
1530 2548 1746 2608 tamen
1811 2543 2194 2608 beneficium
2251 2544 2418 2608 tanti
2474 2544 2662 2609 aesti-

266 2671 327 2712 so
354 2649 580 2734 mauit,
625 2654 701 2713 ut
743 2652 1032 2714 montem
1082 2648 1369 2715 Caelium
1416 2650 1849 2735 appellatione
1887 2655 2138 2716 mutata
2182 2651 2402 2715 uocari
2439 2649 2660 2736 Augu-

355 2759 527 2820 stum
586 2756 863 2820 iusserit.
948 2757 1142 2821 militi
1199 2762 1349 2842 post
1405 2757 1732 2842 duplicata
1788 2779 1866 2824 ex
1922 2757 2206 2843 Augusti
2271 2761 2660 2822 testamento
2697 2771 2732 2820 2

353 2863 572 2949 legata
614 2863 783 2928 nihil
828 2886 1136 2948 umquam
1181 2864 1457 2949 largitus
1503 2869 1630 2948 est,
1677 2869 2128 2948 praeterquam
2177 2864 2434 2951 singula
2479 2863 2662 2928 milia

356 2970 769 3036 denariorum
834 2971 1260 3055 praetorianis
1270 3024 1287 3056 ,
1352 2972 1527 3054 quod
1585 2970 1818 3036 Seiano
1866 2994 1933 3035 se
1996 2991 2129 3036 non
2193 2970 2660 3036 accommodas-

354 3081 527 3160 sent,
602 3081 667 3141 et
732 3077 1043 3162 quaedam
1109 3101 1379 3144 munera
1442 3076 1724 3161 Syriacis
1787 3078 2181 3164 legionibu8,
2248 3078 2422 3161 quod
2485 3078 2661 3142 solae

254 3205 327 3248 31⁵
354 3183 605 3248 nullam
652 3183 868 3248 Seiani
911 3184 1263 3270 ‚imaginem
1323 3185 1492 3249 inter
1538 3185 1727 3271 signa
1773 3185 2139 3253 coluissent.
2222 3189 2414 3267 atque
2463 3183 2660 3248 etiam

356 3291 695 3356 missiones
740 3296 1193 3358 ueteranorum
1242 3292 1603 3358 rarissimas
1650 3292 1830 3376 fecit,
1877 3313 1955 3356 ex
2005 3292 2182 3356 senio
2232 3295 2534 3377 mortem,
2581 3313 2659 3356 ex

356 3402 567 3462 morte
628 3398 1079 3482 compendium
1139 3404 1418 3483 captans.
1502 3420 1581 3462 ne
1638 3399 2007 3482 prouincias
2064 3397 2324 3482 quidem
2377 3397 2659 3462 liberali·

356 3508 489 3568 tate
536 3503 673 3569 ulla
718 3505 1103 3590 subleuauit,
1150 3511 1417 3590 excepta
1459 3504 1644 3588 Asia,
1701 3506 1983 3571 disiectis
2028 3512 2237 3570 terrae
2283 3509 2465 3568 motu
2505 3505 2662 3569 ciui-

358 3609 622 3675 tatibus.

501 3774 569 3822 2⁷
612 3769 763 3824 Oros.
796 3769 918 3824 VII
938 3773 1083 3835 418
1130 3770 1297 3823 Asiae
1346 3770 1608 3823 ciuitates
1647 3768 1747 3822 illo
1788 3769 1848 3839 (ἕ
1878 3773 1966 3829 13)
2007 3772 2191 3822 terrae
2237 3772 2394 3821 motu
2435 3768 2660 3821 dirutas

354 3850 571 3904 tributo
618 3849 849 3903 dimisso
896 3849 1127 3920 propria
1172 3850 1345 3904 etiam
1390 3849 1736 3903 liberalitate
1783 3849 2069 3918 (libertate
2106 3849 2289 3914 codd„
2336 3845 2520 3922 οἰκείᾳ
2557 3851 2662 3904 δα-

352 3929 509 4002 πάνῃ
548 3931 793 4000 Phleymt
830 3929 895 3984 de
932 3933 1050 3984 mir.
1084 3935 1173 3998 13)
1214 3930 1465 3984 donauit.

502 4113 533 4161 2
572 4107 716 4162 alico
750 4109 809 4174 V,
839 4107 954 4161 alio
986 4108 1238 4161 Perizon.
1278 4107 1495 4175 (Polak)
1641 4113 1674 4160 3
1713 4123 1783 4161 ne
1822 4105 1984 4176 quid]
2014 4123 2140 4174 neq:
2165 4107 2237 4159 M
2378 4112 2408 4158 4
2441 4107 2526 4158 est
2555 4124 2654 4160 om.

358 4187 561 4244 MGX‘
675 4204 941 4242 ancorum
964 4189 1087 4242 MG
1125 4195 1175 4242 et
1202 4195 1318 4242 tum
1346 4187 1580 4255 inoppia
1603 4189 1678 4241 M
1712 4188 1800 4255 (cf.
1830 4187 2019 4240 Herm.
2039 4191 2112 4239 36
2133 4203 2191 4254 p.
2212 4189 2344 4243 293)
2491 4193 2522 4238 5
2563 4203 2659 4238 ne-

351 4270 483 4336 quit
511 4275 639 4337 post
664 4267 837 4322 ferret
870 4265 1001 4322 add.
1044 4269 1095 4322 V
1194 4268 1299 4320 ulli
1336 4275 1386 4322 et
1422 4275 1535 4322 tum
1573 4267 1868 4336 probasset
1899 4267 2077 4321 Polak
2187 4271 2216 4318 6
2255 4265 2660 4319 necessitatum

356 4349 471 4402 ΗΧ
474 4352 521 4402 Τ
646 4353 677 4402 9
704 4347 1119 4416 permodicaret
1150 4348 1293 4412 HG,
1322 4347 1679 4416 permodica'.
1709 4350 1796 4399 ret
1837 4348 1888 4400 V
2007 4345 2306 4398 familiaris
2339 4347 2460 4410 Μδ,
2489 4362 2573 4399 -es
2607 4348 2660 4402 G

358 4427 739 4498 (permodicae
777 4427 861 4482 rei
904 4427 1200 4482 familiaris
1234 4429 1484 4498 Bentley,
1527 4444 1626 4497 per
1662 4426 1886 4480 modica
1925 4425 2008 4479 rei
2041 4424 2340 4479 familiaris
2370 4427 2658 4495 Bz‘t'cheler)

360 4514 427 4564 12
466 4509 724 4563 sestertio
762 4527 795 4568 ς
834 4508 974 4576 (edd.
1006 4509 1237 4576 prim),
1284 4511 1353 4575 cf.
1386 4510 1493 4561 lul.
1526 4513 1677 4577 5012.
1707 4513 1796 4572 26,
1825 4511 1898 4559 24
2071 4509 2128 4558 et
2165 4513 2291 4574 post
2325 4522 2515 4560 rursus
2565 4508 2659 4561 ite-

342 4597 489 4646 ·rant
516 4589 651 4644 ΜΘ
799 4595 867 4642 14
895 4589 1039 4661 <in>
1070 4604 1277 4657 magna
1307 4590 1538 4657 Bentley
1689 4595 1751 4640 15
1783 4589 1870 4640 est
1897 4603 1997 4642 om.
2031 4587 2084 4640 V
2222 4592 2286 4638 19
2316 4585 2573 4640 beneficii
2609 4587 2660 4642 G

465 4687 737 4728 Suoeonlvs
767 4687 837 4728 sd.
866 4687 999 4727 Ihm.
1055 4687 1091 4726 Ι.
2163 4679 2227 4726 10
