3259 5209
1068 477 1285 532 DIVVS
1322 478 1561 531 IVLIVS
1600 489 1731 538 [cm.
1763 489 1940 538 82—85]
2565 477 2653 538 45

350 644 488 707 dies
550 666 685 707 nou
746 642 1116 727 uidebatur,
1180 647 1619 726 praeceptum,
1685 644 1760 705 ut
1815 642 2054 705 omisso
2113 639 2363 722 ordine,
2419 638 2654 723 quibus

351 750 626 833 quisque
684 748 880 813 uellet
936 747 1277 813 itineribus
1333 746 1543 831 urbis,
1596 750 1890 831 portaret
1946 748 2015 811 in
2071 744 2401 831 Campum.
2483 746 2655 810 inter
2692 762 2722 807 ‘3

352 856 541 920 ludos
578 858 833 920 cantata
880 859 1031 919 sunt
1068 856 1379 940 quaedam
1428 854 1506 917 ad
1544 855 2024 919 miserationem
2063 858 2128 918 et
2167 853 2476 918 inuidiam
2517 874 2655 917 cae-

352 963 451 1026 dis
488 962 625 1026 eius
664 963 1173 1045 accommodata,
1210 984 1289 1025 ex
1325 961 1564 1025 Pacuui
1595 960 1946 1025 Armorum
1985 960 2222 1025 iudicio
2251 961 2412 1043 <fr9.
2447 960 2652 1041 XV>2

292 1095 320 1133 s
578 1090 745 1133 men
792 1090 1168 1151 seruasse,
1216 1072 1299 1131 ut
1344 1072 1601 1131 essent
1650 1067 1781 1151 qui
1825 1090 1938 1131 me
1983 1066 2441 1151 perderent?

352 1180 419 1239 et
466 1198 545 1238 ex
593 1175 852 1239 Electra
898 1174 1069 1240 Acili
1126 1175 1204 1239 ad
1262 1174 1537 1239 similem
1584 1176 1986 1237 sententiam.
2076 1173 2464 1238 laudationis
2509 1174 2654 1238 loco

353 1281 578 1345 consul
622 1280 949 1347 Antonius
1005 1304 1121 1366 per
1166 1302 1545 1365 praeconem
1596 1280 2050 1365 pronuntiauit
2095 1284 2358 1344 senatus
2405 1279 2653 1344 consul-

352 1392 522 1470 tum,
580 1410 707 1472 quo
765 1390 981 1453 omnia
1034 1388 1231 1453 simul
1286 1387 1347 1452 ei
1403 1386 1621 1451 diuina
1686 1391 1880 1470 atque
1934 1386 2216 1451 humana
2271 1386 2653 1469 decreuerat,

352 1494 509 1559 item
560 1496 661 1559 ius
706 1496 1074 1578 iurandum,
1132 1517 1259 1578 quo
1317 1516 1385 1559 se
1432 1496 1646 1559 cuncti
1694 1516 1812 1578 pro
1859 1494 2066 1559 salute
2112 1494 2302 1558 unius
2350 1495 2656 1557 astrinxe-

272 1628 324 1667 ιο
350 1605 525 1681 rant3
573 1602 808 1685 quibus
855 1622 1176 1686 perpauca
1222 1624 1258 1665 a
1305 1622 1371 1665 se
1408 1601 1608 1665 uerba
1645 1601 1906 1666 addidit.
1987 1600 2226 1664 lectum
2266 1622 2384 1684 pro
2425 1600 2654 1665 rostris
2694 1613 2724 1661 3

351 1708 423 1771 in
465 1708 675 1771 forum
728 1710 1143 1795 magistratus
1200 1714 1264 1772 et
1318 1707 1676 1772 honoribus
1731 1706 1936 1773 functi
1985 1706 2370 1770 detulerunt.
2463 1728 2653 1789 quem

357 1836 499 1878 cum
564 1836 713 1897 pars
777 1814 849 1878 in
914 1812 1263 1898 Capitolini
1316 1812 1492 1878 Iouis
1557 1812 1719 1879 cella
1783 1835 2065 1879 cremare
2130 1834 2279 1898 pars
2345 1814 2414 1878 in
2480 1813 2656 1876 curia

354 1920 622 2004 Pompei
679 1919 1052 2004 destinaret,
1108 1926 1371 2005 repente
1427 1921 1553 1984 duo
1611 1921 1868 2005 quidam
1930 1920 2160 2006 gladiis
2218 1920 2523 1983 succincti
2580 1941 2656 1983 ac

354 2027 507 2091 bina
580 2026 788 2093 iacula
861 2031 1187 2113 gestantes
1261 2026 1632 2093 ardentibus
1708 2028 1906 2091 cereis
1983 2026 2446 2090 succenderunt
2510 2047 2654 2089 con-

278 2159 329 2198 {5
360 2134 705 2219 festimque
760 2136 1317 2197 circumstantium
1374 2134 1565 2198 turba
1618 2134 1906 2220 uirgulta
1961 2133 2140 2197 arida
2195 2138 2259 2196 et
2317 2154 2462 2197 cum
2510 2130 2654 2195 sub·
2707 2116 2715 2123 ’

357 2238 555 2303 selliis
611 2240 988 2322 tribunalia,
1044 2241 1353 2323 quicquid
1407 2244 1740 2323 praeterea
1795 2239 1873 2303 ad
1921 2240 2159 2304 donum
2208 2239 2452 2323 aderat,
2511 2258 2655 2302 con-

354 2348 573 2431 gessit.
657 2346 883 2411 deinde
930 2347 1225 2412 tibicines
1272 2352 1338 2411 et
1384 2347 1659 2411 scaenici
1706 2348 1986 2411 artifices
2025 2352 2288 2429 uestem,
2338 2368 2527 2430 quam
2578 2366 2654 2408 ex
2695 2362 2725 2407 4

354 2450 837 2535 triumphorum
885 2455 1315 2518 instrumento
1362 2454 1443 2519 ad
1480 2458 1881 2537 praesentem
1921 2476 2110 2517 usum
2148 2453 2506 2536 induerant,
2555 2452 2655 2515 de-

356 2563 627 2623 tractam
678 2559 803 2623 sibi
852 2564 1047 2645 atque
1084 2560 1411 2625 discissam
1455 2561 1730 2625 iniecere
1767 2560 2063 2624 flammae
2103 2564 2168 2623 et
2203 2564 2654 2623 ueteranorum

266 2694 327 2732 20
356 2665 635 2729 militum
674 2666 1014 2752 legionarii
1052 2688 1231 2730 arma
1268 2689 1399 2747 sua,
1440 2666 1676 2749 quibus
1715 2666 1955 2730 exculti
1994 2665 2187 2728 funus
2218 2663 2655 2746 celebrabant3

356 2776 685 2836 matronae
746 2774 939 2837 etiam
1001 2772 1344 2857 pleraeque
1400 2776 1776 2836 ornamenta
1822 2794 1963 2855 sua,
2012 2794 2173 2855 quae
2221 2770 2547 2857 gerebant,
2594 2776 2658 2834 et

354 2879 707 2943 liberorum
756 2880 965 2943 bullas
1012 2884 1203 2963 atque
1251 2883 1629 2963 praetextas,

533 2982 611 3049 In
667 3008 917 3051 summo
973 2985 1237 3069 publico
1294 2986 1473 3050 luctu
1540 2990 1904 3049 exterarum
1959 2985 2252 3071 gentium
2309 2983 2656 3048 multitudo
2697 3000 2727 3046 5

358 3090 715 3157 circulatim
790 3115 907 3158 suo
983 3115 1273 3177 quaeque
1348 3114 1527 3156 more
1598 3093 1952 3156 lamentata
2020 3097 2116 3155 est
2188 3091 2657 3175 praecipueque

270 3225 329 3265 25
360 3196 610 3281 Iudaei,
668 3200 779 3281 qui
838 3200 1030 3263 etiam
1086 3200 1383 3263 noctibus
1449 3200 1774 3264 continuis
1831 3200 2094 3262 bustum
2150 3198 2656 3281 frequentarunt.

358 3304 543 3387 plebs
588 3306 806 3369 statim
854 3328 891 3369 a
937 3305 1159 3369 funere
1210 3306 1287 3369 ad
1335 3295 1596 3369 domum
1645 3305 1833 3368 Bruti
1889 3310 1953 3368 et
2001 3304 2264 3389 Cassi[i]
2313 3326 2458 3367 cum
2504 3303 2653 3367 faci·
2671 3305 2761 3369 85

360 3410 480 3474 bus
527 3411 803 3475 tetendit
857 3417 1055 3494 atque
1110 3434 1296 3497 aegre
1351 3412 1607 3495 repulsa
1663 3411 1930 3475 obuium
1983 3411 2110 3475 sibi
2156 3410 2464 3475 Heluium
2516 3408 2658 3473 Cin-

358 3540 503 3581 nam
569 3540 683 3601 per
747 3540 1026 3583 errorem
1084 3518 1391 3601 nomime,
1460 3518 1644 3601 quasi
1703 3517 2035 3581 Cornelius
2093 3518 2147 3580 is
2207 3522 2400 3599 esset,
2467 3539 2658 3600 quem

358 3624 646 3709 grauiter
706 3624 913 3709 pridie
978 3625 1422 3689 contionatum
1488 3626 1563 3687 de
1630 3623 1900 3687 Caesare
1937 3624 2360 3707 requirebat,
2425 3624 2660 3687 occidit

278 3760 335 3799 zo
366 3734 691 3815 caputque
748 3731 884 3795 eius
929 3732 1284 3815 praefixum
1342 3731 1565 3794 hastae
1614 3731 2025 3794 circumtulit.
2116 3736 2340 3813 postea
2388 3730 2657 3794 solidam

501 3938 533 3985 8
571 3934 639 3999 cf.
692 3934 803 3986 Vir.
847 3934 923 3987 ill.
965 3938 1055 4000 85,
1085 3938 1115 3985 1

505 4136 529 4181 1
571 4130 660 4200 ut]
690 4132 775 4182 est
804 4132 869 4181 ut
898 4130 1021 4187 L³5
1051 4130 1243 4198 (moly.)
1381 4134 1412 4180 4
1451 4130 1893 4195 pacuuianorum
1923 4131 2210 4196 (pacuma-
2233 4128 2308 4181 L¹
2351 4135 2412 4181 ut
2440 4130 2576 4189 uid.)
2610 4132 2666 4179 X

360 4213 395 4259 6
434 4224 499 4261 ex
538 4226 637 4263 om.
682 4209 733 4263 G
878 4208 1011 4262 acili
1049 4209 1137 4277 (·ii
1181 4210 1321 4277 GT)
1354 4212 1421 4271 Ω,
1462 4208 1637 4261 attilii
1676 4226 1708 4267 ς
1749 4209 1929 4276 (Atilii
1973 4210 2080 4263 Cic.
2111 4210 2206 4274 tin.
2237 4210 2273 4259 Ι
2302 4214 2360 4271 5,
2409 4214 2467 4259 at
2505 4207 2657 4259 acilii

356 4288 472 4342 eod.
496 4290 679 4343 Pazat.
704 4292 868 4357 1525)
998 4294 1025 4341 7
1067 4288 1493 4357 praenuntiauit
1520 4290 1593 4342 M
1716 4296 1780 4341 16
1820 4288 1893 4340 ad
1925 4305 2152 4340 manum
2173 4288 2500 4348 Beroaldus,
2538 4286 2657 4339 ido-

360 4386 527 4422 neum
558 4370 841 4433 Heinsius,
877 4370 947 4421 ad
986 4385 1188 4421 munus
1223 4368 1418 4432 1³61·th
1456 4369 1690 4420 odorum
1725 4369 1880 4435 oud„
1923 4369 1994 4420 ad
2027 4366 2365 4419 adolendum
2397 4367 2661 4419 Bz'icheler

364 4454 431 4501 18
460 4449 757 4502 induerent
777 4449 851 4501 M
958 4454 1023 4501 26
1055 4465 1180 4501 cum
1208 4450 1245 4501 f.
1273 4448 1519 4501 tetendit
1548 4466 1648 4500 om.
1676 4449 1724 4501 G
1837 4454 1901 4500 27
1933 4448 2097 4516 pulsa
2129 4448 2181 4499 V
2284 4448 2474 4499 ouium
2495 4449 2565 4500 M
2572 4447 2588 4477 ¹

360 4528 611 4581 heuilum
633 4528 704 4581 Μ
715 4528 829 4597 VQ,
865 4528 1117 4581 heiulum
1150 4530 1276 4593 GH,
1314 4528 1493 4580 heuil-
1526 4530 1609 4581 uel
1649 4527 1828 4580 heiul-
1861 4530 1964 4597 lem?
1983 4535 2158 4597 potest
2194 4531 2251 4579 in
2282 4529 2409 4586 ΖΒ,
2448 4526 2658 4579 eiulum

362 4608 548 4673 POS,
585 4608 811 4662 elicium
850 4610 915 4675 T,
955 4626 1090 4663 corr.
1124 4609 1406 4679 Eynatae'us
1548 4615 1611 4660 ‘239
1655 4607 1976 4673 inquirebat
2007 4612 2062 4659 X
2095 4609 2174 4675 (in
2213 4624 2348 4661 corr.
2388 4625 2454 4660 ea·
2491 4624 2548 4659 re
2589 4609 2658 4664 L)
