3259 5209
1090 454 1145 509 C.
1188 452 1548 508 CALIGVLA
1586 465 1718 514 [οη.
1749 466 1926 514 35-38]
2537 454 2666 518 185

354 619 658 684 conuiuis
706 641 783 682 ex
832 639 986 682 auro
1034 639 1231 701 panes
1276 622 1344 682 et
1388 615 1660 680 obsonia
1695 621 2062 701 apponeret,
2107 622 2237 683 aut
2281 617 2489 702 frugi
2534 617 2666 681 ho-

353 725 639 790 minem
694 745 859 788 esse
914 727 1275 808 oportere
1334 723 1638 788 dictitans
1695 728 1825 787 aut
1883 722 2292 788 Caesarem.
2387 724 2544 806 quin
2599 728 2666 788 et

353 852 659 895 nummos
716 853 851 896 non
912 829 1253 895 mediocris
1326 851 1612 894 summae
1676 851 1712 894 e
1775 830 2036 915 fastigio
2101 830 2402 894 basilicae
2465 829 2666 896 Iuliae

354 961 477 1022 pei·
523 939 772 1022 aliquot
828 937 961 1002 dies
1010 937 1243 1020 sparsit
1298 937 1362 1000 in
1410 936 1682 1020 plebem.
1764 936 2110 1001 fabricauit
2165 941 2229 1000 et
2276 937 2516 1002 deceris
2571 937 2665 1000 Li-
2703 953 2741 999 2

302 1069 329 1108 ε»
360 1044 663 1108 burnicas
703 1043 1045 1130 gemmatis
1080 1042 1427 1128 puppibus,
1464 1043 1966 1109 uersicoloribus
2005 1043 2187 1126 uelis,
2225 1065 2460 1130 magna
2499 1044 2666 1108 ther-

358 1173 613 1214 marum
660 1156 725 1214 et
768 1152 1137 1236 porticuum
1186 1155 1251 1214 et
1296 1150 1728 1216 tricliniorum
1766 1149 2034 1215 laxitate
2071 1171 2434 1235 magnaque
2471 1153 2664 1216 etiam

356 1259 599 1321 uitium
648 1262 713 1321 et
758 1257 1219 1341 pomiferarum
1268 1256 1567 1321 arborum
1605 1257 1942 1340 uarietate3
1991 1256 2224 1339 quibus
2261 1256 2668 1320 discumbens

361 1365 443 1426 de
504 1364 605 1428 die
666 1366 833 1428 inter
891 1363 1121 1428 choros
1190 1385 1264 1427 ac
1322 1361 1742 1446 symphonias
1801 1362 1996 1428 litora
2051 1361 2434 1445 Campaniae
2491 1385 2669 1447 pera-

361 1476 597 1555 graret.
680 1472 747 1533 in
803 1469 1313 1534 extructionibus
1368 1471 1836 1553 praetoriorum
1895 1475 2088 1552 atque
2142 1469 2442 1534 uillarum
2491 1471 2666 1535 omni

278 1601 333 1640 ιο
364 1579 616 1641 ratione
660 1575 1031 1661 posthabita
1069 1575 1233 1640 nihil
1270 1580 1401 1640 tam
1442 1575 1695 1641 efficere
1736 1576 2227 1660 concupiscebat
2265 1599 2456 1660 quam
2496 1577 2669 1659 quod

362 1705 557 1770 posse
603 1684 771 1747 effici
817 1688 1175 1769 negaretur.
1259 1688 1325 1748 et
1370 1684 1571 1749 iactae
1618 1685 1837 1767 itaque
1885 1683 2088 1760 moles
2135 1685 2369 1748 infesto
2413 1705 2488 1748 ac
2525 1705 2670 1767 pro·
2709 1697 2746 1744 3

362 1791 568 1855 fundo
614 1792 777 1854 mari
833 1795 901 1854 et
950 1791 1199 1854 excisae
1258 1811 1450 1873 rupes
1498 1789 1822 1854 durissimi
1867 1791 2068 1858 silicis
2117 1795 2181 1854 et
2237 1790 2446 1873 campi
2493 1812 2670 1854 mon-

366 1897 543 1962 tibus
598 1917 830 1982 aggere
884 1897 1137 1979 aequati
1194 1902 1258 1960 et
1313 1897 1718 1979 complanata
1782 1897 2050 1961 fossuris
2117 1897 2435 1960 montium
2501 1897 2672 1981 iuga,

368 2003 731 2068 incredibili
769 2003 1027 2086 quidem
1066 2003 1408 2086 celeritate,
1454 2025 1599 2067 cum
1640 2024 1858 2068 morae
1897 2003 2086 2087 culpa
2126 2004 2332 2087 capite
2368 2003 2670 2067 lueretur.

286 2133 341 2172 ιτ»
372 2133 449 2176 ac
494 2132 575 2172 ne
621 2108 875 2194 singula
910 2131 1297 2192 enumerem,
1342 2111 1686 2174 immensas
1725 2132 1878 2193 opes
1917 2113 2256 2193 totumque
2293 2109 2456 2174 illud
2493 2108 2672 2190 T<i>.

372 2216 660 2281 Caesaris
706 2217 905 2280 uicies
952 2238 1027 2281 ac
1073 2217 1309 2300 septies
1355 2216 1565 2281 milies
1612 2218 1978 2281 sestertium
2025 2239 2154 2280 non
2203 2220 2342 2281 toto
2381 2220 2674 2279 uertente

270 2347 275 2350 ·
371 2346 539 2388 anno
588 2323 963 2406 absumpsit.

550 2429 925 2493 Exhaustus
980 2430 1182 2516 igitur
1236 2433 1429 2513 atque
1484 2451 1680 2514 egens
1735 2429 1816 2493 ad
1871 2431 2129 2514 rapinas
2176 2431 2497 2494 conuertit
2543 2423 2786 2494 ani-38

373 2558 548 2601 mum
603 2539 787 2600 uario
844 2542 909 2600 et
970 2537 1477 2618 exquisitissimo
1535 2536 2000 2602 calumniarum
2059 2542 2125 2600 et
2180 2539 2553 2602 auctionum
2613 2543 2676 2600 et

290 2665 345 2704 so
373 2643 791 2729 uectigalium
838 2664 1086 2729 genere.
1178 2643 1458 2728 negabat
1512 2643 1652 2706 iure
1708 2645 2038 2707 ciuitatem
2095 2643 2450 2708 Romanam
2496 2667 2678 2708 usur-

374 2772 529 2835 pare
575 2772 701 2831 eos,
750 2771 1023 2832 quorum
1070 2750 1343 2824 maiores
1401 2749 1524 2813 sibi
1572 2751 1974 2833 posterisque
2022 2773 2162 2814 eam
2211 2751 2679 2834 impetrassent,

376 2857 502 2920 nisi
566 2858 621 2920 si
684 2856 807 2920 filii
870 2861 1107 2941 essent,
1165 2877 1373 2939 neque
1438 2856 1610 2922 enim
1677 2855 1966 2941 intellegi
2032 2856 2259 2921 debere
2321 2863 2678 2940 posteros

376 2962 549 3026 ultra
591 2962 763 3027 hunc
815 2963 1113 3048 gradum3
1168 2963 1547 3045 prolataque
1592 2961 1908 3027 Diuorum
1964 2960 2090 3026 Iuli
2147 2968 2210 3026 et
2255 2961 2538 3048 Augusti
2587 2963 2678 3026 di-

376 3072 664 3154 plomata
708 3073 785 3133 ut
827 3072 1046 3133 uetera
1081 3073 1147 3133 et
1193 3069 1482 3133 obsoleta
1521 3069 1811 3132 deflabat.
1895 3070 2204 3154 arguebat
2243 3074 2306 3132 et
2342 3061 2677 3153 perperam
2718 3081 2753 3128 ‘3

297 3197 351 3236 ε’»
380 3176 587 3240 editos
644 3195 897 3258 census,
952 3175 1187 3258 quibus
1232 3180 1457 3258 postea
1504 3197 1904 3258 quacumque
1960 3176 2038 3238 de
2092 3197 2282 3238 causa
2337 3176 2680 3258 quicquam

378 3282 751 3349 incrementi
794 3283 1180 3346 accessisset.
1247 3286 1631 3346 testamenta
1668 3281 2183 3366 primipilarium,
2222 3283 2331 3364 qui
2370 3282 2451 3345 ab
2494 3282 2680 3346 initio

380 3390 600 3454 Tiberi
644 3390 1045 3473 principatus
1091 3410 1297 3471 neque
1344 3387 1527 3452 illum
1566 3411 1773 3471 neque
1814 3410 1879 3452 se
1916 3389 2212 3452 heredem
2251 3388 2682 3472 reliquissent,

380 3501 457 3560 ut
512 3498 765 3581 ingrata
820 3496 1105 3580 rescidit3
1162 3497 1317 3560 item
1376 3500 1728 3559 ceterorum
1789 3501 1859 3559 ut
1915 3497 2098 3560 irrita
2145 3500 2208 3558 et
2254 3517 2446 3579 uana,
2494 3518 2682 3578 quos-

384 3625 655 3686 cumque
716 3603 861 3684 quis
926 3602 1165 3667 diceret
1229 3602 1459 3666 herede
1527 3601 1792 3666 Caesare
1857 3604 2023 3667 mori
2087 3602 2456 3666 destinasse.
2553 3625 2682 3685 quo

300 3729 357 3770 ω
387 3715 560 3773 metu
620 3709 857 3773 iniecto
921 3731 1065 3773 cum
1126 3710 1252 3773 iam
1314 3713 1378 3772 et
1439 3709 1519 3772 ab
1584 3709 1823 3794 ignotis
1887 3710 2055 3772 inter
2111 3709 2462 3773 familiares
2523 3714 2586 3772 et
2648 3731 2688 3771 a

530 3943 563 3989 4
602 3938 671 3991 de
708 3937 889 3991 cedris
925 3937 1128 4003 YL²N‚
1168 3937 1237 3990 de
1276 3937 1475 3990 ceteris
1510 3938 1571 4003 T,
1612 3938 1806 3990 decem
1839 3936 1904 3990 ‚3²
2031 3944 2062 3990 8
2100 3937 2266 3990 horos
2299 3937 2454 4006 H¹Q‚
2495 3937 2688 3990 hortos

390 4019 527 4074 wR
708 4018 1069 4086 symphonias
1112 4018 1383 4076 GSNL³5
1432 4021 1584 4084 (num
1635 4025 1768 4070 recte
1815 4017 2030 4070 dubitat
2083 4016 2240 4082 Oud„
2277 4019 2344 4082 cf.
2389 4018 2682 4085 Capitolia.

402 4099 571 4152 Verus
590 4104 641 4164 6,
662 4101 736 4166 9),
756 4097 1019 4166 symphro
1044 4099 1265 4163 ML1P,
1286 4097 1532 4164 simphro
1560 4100 1620 4162 Τ,
1644 4097 1850 4164 simpro
1879 4098 1930 4150 Τ
2035 4103 2099 4150 10
2128 4099 2247 4150 tam
2269 4099 2413 4155 MR,
2439 4099 2628 4150 tamen
2651 4101 2686 4150 ὃ

394 4185 458 4231 15
488 4193 771 4230 numerem
800 4181 855 4230 X
976 4177 1105 4231 Τ..Ω.
1144 4177 1261 4246 (Ty.
1295 4177 1376 4241 8²,
1416 4176 1605 4229 tiberii
1641 4179 1789 4244 GP),
1829 4194 1964 4231 corr.
1995 4179 2142 4232 Roth
2275 4183 2338 4228 22
2379 4177 2490 4229 nisi
2520 4178 2567 4228 si
2599 4180 2687 4236 M,

389 4258 500 4311 nisi
526 4259 620 4312 rel.
759 4263 828 4310 24
854 4259 942 4328 ut]
982 4262 1040 4311 et
1066 4259 1140 4323 R,
1177 4261 1241 4310 ut
1279 4262 1336 4310 et
1364 4258 1514 4311 LPS
1657 4257 1904 4310 deflabat
1941 4275 2076 4312 corr.
2107 4259 2169 4310 in
2207 4256 2464 4310 defiaebat
2503 4259 2558 4324 (i.
2592 4258 2686 4309 de-

390 4337 583 4408 flebat)
616 4339 703 4404 M,
740 4336 983 4391 deflebat
1013 4338 1199 4406 (defie-
1228 4339 1297 4406 Τ)
1328 4341 1447 4403 XT,
1487 4336 1716 4389 delebat
1748 4337 1816 4401 G,
1855 4337 2102 4390 deflabat
2137 4338 2225 4390 uel
2255 4336 2514 4388 difflabat
2549 4339 2687 4403 Lip-

390 4420 533 4484 siae,
584 4417 849 4471 eleuabat
890 4419 1183 4484 Heinsius‘,
1232 4416 1529 4471 deridebat
1572 4417 1802 4470 Ernesti
1847 4418 2022 4471 Polak
2238 4418 2316 4486 et]
2354 4419 2420 4468 ut
2457 4419 2690 4485 Bentley

392 4505 459 4550 25
500 4497 641 4552 editi
681 4498 911 4552 Gasaub.
1059 4502 1126 4550 28
1164 4501 1231 4550 ut
1275 4500 1517 4567 gygrata
1560 4497 1610 4550 G
1757 4503 1824 4548 30
1862 4496 2069 4550 inlecto
2110 4495 2215 4565 <ill-
2238 4498 2301 4562 S,
2339 4495 2436 4549 ille
2467 4499 2544 4564 P)
2569 4500 2696 4550 MX

394 4581 549 4647 (corr.
580 4577 698 4646 Π),
735 4577 898 4631 illato
936 4579 1003 4630 N
