<?xml version="1.0" encoding="UTF-8"?>
<!DOCTYPE html PUBLIC "-//W3C//DTD XHTML 1.0 Transitional//EN"
    "http://www.w3.org/TR/xhtml1/DTD/xhtml1-transitional.dtd">
<html xmlns="http://www.w3.org/1999/xhtml" xml:lang="en" lang="en">
 <head>
  <title>
</title>
<meta http-equiv="Content-Type" content="text/html;charset=utf-8" />
  <meta name='ocr-system' content='tesseract 3.04.00' />
  <meta name='ocr-capabilities' content='ocr_page ocr_carea ocr_par ocr_line ocrx_word'/>
</head>
<body>
  <div class='ocr_page' id='page_1' title='image "./csuetoniitranqu00ihmgoog_0268.png"; bbox 0 0 3259 5209; ppageno 0'>
   <div class='ocr_carea' id='block_1_1' title="bbox 607 413 2207 480">
    <p class='ocr_par' dir='ltr' id='par_1_1' title="bbox 607 413 2207 480">
     <span class='ocr_line' id='line_1_1' title="bbox 607 413 2207 480; baseline -0.008 -1"><span class='ocrx_word' id='word_1_1' title='bbox 607 415 733 479; x_wconf 89' lang='grc'><strong>196</strong></span> <span class='ocrx_word' id='word_1_2' title='bbox 1308 413 1364 468; x_wconf 88' lang='lat' dir='ltr'><strong>C.</strong></span> <span class='ocrx_word' id='word_1_3' title='bbox 1406 414 1721 468; x_wconf 75' lang='lat' dir='ltr'>SVETONJ</span> <span class='ocrx_word' id='word_1_4' title='bbox 1762 413 2207 480; x_wconf 79' lang='lat' dir='ltr'><strong>TRANQVILLl</strong></span> 
     </span>
    </p>
   </div>
   <div class='ocr_carea' id='block_1_2' title="bbox 508 577 3013 3971">
    <p class='ocr_par' dir='ltr' id='par_1_2' title="bbox 603 577 2915 875">
     <span class='ocr_line' id='line_1_2' title="bbox 603 577 2913 665; baseline -0.001 -22"><span class='ocrx_word' id='word_1_5' title='bbox 603 599 899 663; x_wconf 80' lang='lat' dir='ltr'><strong>magnam</strong></span> <span class='ocrx_word' id='word_1_6' title='bbox 926 579 1079 642; x_wconf 88' lang='lat' dir='ltr'><strong>fecit</strong></span> <span class='ocrx_word' id='word_1_7' title='bbox 1097 577 1409 642; x_wconf 88' lang='lat' dir='ltr'><strong>inuidiam</strong></span> <span class='ocrx_word' id='word_1_8' title='bbox 1431 578 1733 642; x_wconf 88' lang='lat' dir='ltr'><strong>destricto</strong></span> <span class='ocrx_word' id='word_1_9' title='bbox 1754 578 1971 665; x_wconf 80' lang='lat' dir='ltr'><strong>gladio</strong></span> <span class='ocrx_word' id='word_1_10' title='bbox 2002 578 2332 642; x_wconf 87' lang='lat' dir='ltr'><strong>affirmans</strong></span> <span class='ocrx_word' id='word_1_11' title='bbox 2354 581 2627 661; x_wconf 87' lang='lat' dir='ltr'><strong>sponte</strong></span> <span class='ocrx_word' id='word_1_12' title='bbox 2648 599 2725 641; x_wconf 90' lang='lat' dir='ltr'><strong>se</strong></span> <span class='ocrx_word' id='word_1_13' title='bbox 2748 599 2913 660; x_wconf 89' lang='lat' dir='ltr'><strong>per-</strong></span> 
     </span>
     <span class='ocr_line' id='line_1_3' title="bbox 603 684 2915 771; baseline -0.002 -20"><span class='ocrx_word' id='word_1_14' title='bbox 603 687 919 769; x_wconf 88' lang='lat' dir='ltr'><strong>iturum,</strong></span> <span class='ocrx_word' id='word_1_15' title='bbox 967 687 1032 749; x_wconf 90' lang='lat' dir='ltr'><strong>si</strong></span> <span class='ocrx_word' id='word_1_16' title='bbox 1081 689 1154 750; x_wconf 87' lang='lat' dir='ltr'><strong>et</strong></span> <span class='ocrx_word' id='word_1_17' title='bbox 1190 684 1357 748; x_wconf 88' lang='lat' dir='ltr'><strong>illis</strong></span> <span class='ocrx_word' id='word_1_18' title='bbox 1395 689 1640 749; x_wconf 88' lang='lat' dir='ltr'><strong>morte</strong></span> <span class='ocrx_word' id='word_1_19' title='bbox 1682 685 1958 771; x_wconf 84' lang='lat' dir='ltr'><strong>dignus</strong></span> <span class='ocrx_word' id='word_1_20' title='bbox 2004 684 2432 768; x_wconf 87' lang='lat' dir='ltr'><strong>uideretur,</strong></span> <span class='ocrx_word' id='word_1_21' title='bbox 2476 705 2595 748; x_wconf 90' lang='lat' dir='ltr'><strong>nec</strong></span> <span class='ocrx_word' id='word_1_22' title='bbox 2636 684 2915 748; x_wconf 89' lang='lat' dir='ltr'><strong>cessauit</strong></span> 
     </span>
     <span class='ocr_line' id='line_1_4' title="bbox 605 791 2914 875; baseline -0.002 -18"><span class='ocrx_word' id='word_1_23' title='bbox 605 815 683 858; x_wconf 81' lang='lat' dir='ltr'><strong>ex</strong></span> <span class='ocrx_word' id='word_1_24' title='bbox 713 813 787 856; x_wconf 92' lang='lat' dir='ltr'><strong>eo</strong></span> <span class='ocrx_word' id='word_1_25' title='bbox 817 791 1144 855; x_wconf 87' lang='lat' dir='ltr'><strong>criminari</strong></span> <span class='ocrx_word' id='word_1_26' title='bbox 1173 791 1446 855; x_wconf 88' lang='lat' dir='ltr'><strong>alterum</strong></span> <span class='ocrx_word' id='word_1_27' title='bbox 1477 792 1662 856; x_wconf 88' lang='lat' dir='ltr'><strong>alteri</strong></span> <span class='ocrx_word' id='word_1_28' title='bbox 1702 796 1895 875; x_wconf 89' lang='lat' dir='ltr'><strong>atque</strong></span> <span class='ocrx_word' id='word_1_29' title='bbox 1933 792 2102 856; x_wconf 86' lang='lat' dir='ltr'><strong>inter</strong></span> <span class='ocrx_word' id='word_1_30' title='bbox 2138 813 2206 856; x_wconf 88' lang='lat' dir='ltr'><strong>se</strong></span> <span class='ocrx_word' id='word_1_31' title='bbox 2245 791 2453 856; x_wconf 87' lang='lat' dir='ltr'><strong>omnis</strong></span> <span class='ocrx_word' id='word_1_32' title='bbox 2492 791 2914 855; x_wconf 72' lang='lat' dir='ltr'><strong>committere.</strong></span> 
     </span>
    </p>

    <p class='ocr_par' dir='ltr' id='par_1_3' title="bbox 534 897 3009 1622">
     <span class='ocr_line' id='line_1_5' title="bbox 534 897 2918 984; baseline -0.002 -19"><span class='ocrx_word' id='word_1_33' title='bbox 534 917 566 965; x_wconf 83' lang='lat'><strong>2</strong></span> <span class='ocrx_word' id='word_1_34' title='bbox 787 897 948 962; x_wconf 89' lang='lat' dir='ltr'><strong>Cum</strong></span> <span class='ocrx_word' id='word_1_35' title='bbox 1004 898 1354 982; x_wconf 75' lang='lat' dir='ltr'><strong>placuisset</strong></span> <span class='ocrx_word' id='word_1_36' title='bbox 1408 898 1721 963; x_wconf 82' lang='lat' dir='ltr'><strong>Palatinis</strong></span> <span class='ocrx_word' id='word_1_37' title='bbox 1778 898 1947 962; x_wconf 88' lang='lat' dir='ltr'><strong>ludis</strong></span> <span class='ocrx_word' id='word_1_38' title='bbox 1996 899 2359 982; x_wconf 85' lang='lat' dir='ltr'><strong>spectaculo</strong></span> <span class='ocrx_word' id='word_1_39' title='bbox 2408 919 2739 984; x_wconf 82' lang='lat' dir='ltr'><strong>egressum</strong></span> <span class='ocrx_word' id='word_1_40' title='bbox 2790 919 2918 960; x_wconf 89' lang='lat' dir='ltr'><strong>me-</strong></span> 
     </span>
     <span class='ocr_line' id='line_1_6' title="bbox 608 1003 3003 1092; baseline -0.001 -23"><span class='ocrx_word' id='word_1_41' title='bbox 608 1006 767 1069; x_wconf 91' lang='lat' dir='ltr'><strong>ridie</strong></span> <span class='ocrx_word' id='word_1_42' title='bbox 837 1005 1126 1092; x_wconf 76' lang='lat' dir='ltr'><strong>adgredi,</strong></span> <span class='ocrx_word' id='word_1_43' title='bbox 1184 1006 1423 1088; x_wconf 89' lang='lat' dir='ltr'><strong>primas</strong></span> <span class='ocrx_word' id='word_1_44' title='bbox 1486 1006 1611 1069; x_wconf 89' lang='lat' dir='ltr'><strong>sibi</strong></span> <span class='ocrx_word' id='word_1_45' title='bbox 1677 1010 1891 1090; x_wconf 88' lang='lat' dir='ltr'><strong>partes</strong></span> <span class='ocrx_word' id='word_1_46' title='bbox 1954 1003 2212 1069; x_wconf 79' lang='lat' dir='ltr'>Cassius</span> <span class='ocrx_word' id='word_1_47' title='bbox 2277 1003 2561 1070; x_wconf 80' lang='lat' dir='ltr'><strong>Chaerea</strong></span> <span class='ocrx_word' id='word_1_48' title='bbox 2618 1005 2919 1068; x_wconf 87' lang='lat' dir='ltr'><strong>tribunus</strong></span> <span class='ocrx_word' id='word_1_49' title='bbox 2978 1029 3003 1066; x_wconf 80' lang='lat'>5</span> 
     </span>
     <span class='ocr_line' id='line_1_7' title="bbox 610 1109 2921 1196; baseline -0.001 -19"><span class='ocrx_word' id='word_1_50' title='bbox 610 1112 896 1177; x_wconf 76' lang='lat' dir='ltr'>cohortis</span> <span class='ocrx_word' id='word_1_51' title='bbox 952 1111 1311 1196; x_wconf 79' lang='lat' dir='ltr'><strong>praetoriae</strong></span> <span class='ocrx_word' id='word_1_52' title='bbox 1369 1112 1771 1195; x_wconf 77' lang='lat' dir='ltr'><strong>depoposcit,</strong></span> <span class='ocrx_word' id='word_1_53' title='bbox 1829 1134 2015 1195; x_wconf 91' lang='lat' dir='ltr'><strong>quem</strong></span> <span class='ocrx_word' id='word_1_54' title='bbox 2068 1109 2264 1176; x_wconf 82' lang='lat' dir='ltr'><strong>Gaius</strong></span> <span class='ocrx_word' id='word_1_55' title='bbox 2311 1111 2629 1175; x_wconf 82' lang='lat' dir='ltr'><strong>seniorem</strong></span> <span class='ocrx_word' id='word_1_56' title='bbox 2678 1112 2805 1174; x_wconf 90' lang='lat' dir='ltr'><strong>iam</strong></span> <span class='ocrx_word' id='word_1_57' title='bbox 2856 1115 2921 1174; x_wconf 90' lang='lat' dir='ltr'><strong>et</strong></span> 
     </span>
     <span class='ocr_line' id='line_1_8' title="bbox 609 1217 2923 1302; baseline -0.001 -20"><span class='ocrx_word' id='word_1_58' title='bbox 609 1218 869 1283; x_wconf 89' lang='lat' dir='ltr'><strong>mollem</strong></span> <span class='ocrx_word' id='word_1_59' title='bbox 931 1224 996 1282; x_wconf 89' lang='lat' dir='ltr'><strong>et</strong></span> <span class='ocrx_word' id='word_1_60' title='bbox 1055 1218 1492 1283; x_wconf 88' lang='lat' dir='ltr'><strong>effeminatum</strong></span> <span class='ocrx_word' id='word_1_61' title='bbox 1561 1219 1863 1283; x_wconf 80' lang='lat' dir='ltr'><strong>denotare</strong></span> <span class='ocrx_word' id='word_1_62' title='bbox 1929 1219 2105 1284; x_wconf 89' lang='lat' dir='ltr'><strong>omni</strong></span> <span class='ocrx_word' id='word_1_63' title='bbox 2164 1219 2403 1302; x_wconf 88' lang='lat' dir='ltr'><strong>probro</strong></span> <span class='ocrx_word' id='word_1_64' title='bbox 2460 1217 2801 1282; x_wconf 82' lang='lat' dir='ltr'><strong>consuerat</strong></span> <span class='ocrx_word' id='word_1_65' title='bbox 2856 1223 2923 1281; x_wconf 83' lang='lat' dir='ltr'><strong>et</strong></span> 
     </span>
     <span class='ocr_line' id='line_1_9' title="bbox 609 1324 2921 1410; baseline -0 -21"><span class='ocrx_word' id='word_1_66' title='bbox 609 1325 801 1390; x_wconf 86' lang='lat' dir='ltr'><strong>modo</strong></span> <span class='ocrx_word' id='word_1_67' title='bbox 865 1327 1120 1410; x_wconf 81' lang='lat' dir='ltr'><strong>signum</strong></span> <span class='ocrx_word' id='word_1_68' title='bbox 1176 1324 1424 1408; x_wconf 89' lang='lat' dir='ltr'><strong>petenti</strong></span> <span class='ocrx_word' id='word_1_69' title='bbox 1481 1324 1843 1410; x_wconf 84' lang='lat' dir='ltr'><strong>Priapum</strong></span> <span class='ocrx_word' id='word_1_70' title='bbox 1906 1330 2017 1389; x_wconf 86' lang='lat' dir='ltr'><strong>aut</strong></span> <span class='ocrx_word' id='word_1_71' title='bbox 2062 1324 2426 1389; x_wconf 87' lang='lat' dir='ltr'><strong>Venerem</strong></span> <span class='ocrx_word' id='word_1_72' title='bbox 2489 1325 2665 1408; x_wconf 90' lang='lat' dir='ltr'><strong>dare,</strong></span> <span class='ocrx_word' id='word_1_73' title='bbox 2724 1324 2921 1389; x_wconf 91' lang='lat' dir='ltr'><strong>modo</strong></span> 
     </span>
     <span class='ocr_line' id='line_1_10' title="bbox 617 1430 2924 1517; baseline -0 -22"><span class='ocrx_word' id='word_1_74' title='bbox 617 1453 692 1495; x_wconf 82' lang='lat' dir='ltr'><strong>ex</strong></span> <span class='ocrx_word' id='word_1_75' title='bbox 761 1430 978 1515; x_wconf 89' lang='lat' dir='ltr'><strong>aliqua</strong></span> <span class='ocrx_word' id='word_1_76' title='bbox 1040 1453 1232 1495; x_wconf 88' lang='lat' dir='ltr'><strong>causa</strong></span> <span class='ocrx_word' id='word_1_77' title='bbox 1295 1431 1514 1517; x_wconf 89' lang='lat' dir='ltr'><strong>agenti</strong></span> <span class='ocrx_word' id='word_1_78' title='bbox 1579 1431 1821 1516; x_wconf 87' lang='lat' dir='ltr'><strong>gratias</strong></span> <span class='ocrx_word' id='word_1_79' title='bbox 1884 1432 2298 1496; x_wconf 84' lang='lat' dir='ltr'><strong>osculandam</strong></span> <span class='ocrx_word' id='word_1_80' title='bbox 2363 1453 2625 1496; x_wconf 90' lang='lat' dir='ltr'><strong>manum</strong></span> <span class='ocrx_word' id='word_1_81' title='bbox 2690 1431 2924 1495; x_wconf 88' lang='lat' dir='ltr'><strong>offerre</strong></span> 
     </span>
     <span class='ocr_line' id='line_1_11' title="bbox 611 1537 3009 1622; baseline -0.001 -20"><span class='ocrx_word' id='word_1_82' title='bbox 611 1539 954 1603; x_wconf 89' lang='lat' dir='ltr'><strong>formatam</strong></span> <span class='ocrx_word' id='word_1_83' title='bbox 1003 1542 1521 1622; x_wconf 85' lang='lat' dir='ltr'><strong>commotamque</strong></span> <span class='ocrx_word' id='word_1_84' title='bbox 1568 1538 1633 1601; x_wconf 90' lang='lat' dir='ltr'><strong>in</strong></span> <span class='ocrx_word' id='word_1_85' title='bbox 1682 1538 2069 1603; x_wconf 88' lang='lat' dir='ltr'><strong>obscaenum</strong></span> <span class='ocrx_word' id='word_1_86' title='bbox 2117 1537 2397 1602; x_wconf 89' lang='lat' dir='ltr'><strong>modum.</strong></span> <span class='ocrx_word' id='word_1_87' title='bbox 2954 1563 3009 1600; x_wconf 80' lang='grc' dir='ltr'><strong>ιο</strong></span> 
     </span>
    </p>

    <p class='ocr_par' dir='ltr' id='par_1_4' title="bbox 508 1643 3009 2155">
     <span class='ocr_line' id='line_1_12' title="bbox 508 1643 2923 1730; baseline -0.001 -20"><span class='ocrx_word' id='word_1_88' title='bbox 508 1645 598 1711; x_wconf 78' lang='lat'><strong>57</strong></span> <span class='ocrx_word' id='word_1_89' title='bbox 791 1644 1072 1710; x_wconf 86' lang='lat' dir='ltr'><strong>Futurae</strong></span> <span class='ocrx_word' id='word_1_90' title='bbox 1127 1644 1336 1709; x_wconf 86' lang='lat' dir='ltr'><strong>caedis</strong></span> <span class='ocrx_word' id='word_1_91' title='bbox 1383 1644 1590 1708; x_wconf 83' lang='lat' dir='ltr'><strong>multa</strong></span> <span class='ocrx_word' id='word_1_92' title='bbox 1633 1645 1933 1730; x_wconf 84' lang='lat' dir='ltr'><strong>prodigia</strong></span> <span class='ocrx_word' id='word_1_93' title='bbox 1980 1646 2347 1709; x_wconf 81' lang='lat' dir='ltr'><strong>extiterunt.</strong></span> <span class='ocrx_word' id='word_1_94' title='bbox 2440 1643 2784 1728; x_wconf 67' lang='lat' dir='ltr'><strong>Olympiae,</strong></span> <span class='ocrx_word' id='word_1_95' title='bbox 2836 1645 2923 1708; x_wconf 89' lang='lat' dir='ltr'><strong>si-</strong></span> 
     </span>
     <span class='ocr_line' id='line_1_13' title="bbox 613 1750 2926 1835; baseline -0.001 -18"><span class='ocrx_word' id='word_1_96' title='bbox 613 1754 970 1817; x_wconf 87' lang='lat' dir='ltr'><strong>mulacrum</strong></span> <span class='ocrx_word' id='word_1_97' title='bbox 1016 1750 1224 1833; x_wconf 80' lang='lat' dir='ltr'><strong>Iouis,</strong></span> <span class='ocrx_word' id='word_1_98' title='bbox 1281 1752 1454 1835; x_wconf 89' lang='lat' dir='ltr'><strong>quod</strong></span> <span class='ocrx_word' id='word_1_99' title='bbox 1503 1753 1773 1817; x_wconf 88' lang='lat' dir='ltr'><strong>dissolui</strong></span> <span class='ocrx_word' id='word_1_100' title='bbox 1830 1752 2293 1835; x_wconf 84' lang='lat' dir='ltr'><strong>transferrique</strong></span> <span class='ocrx_word' id='word_1_101' title='bbox 2349 1751 2623 1816; x_wconf 84' lang='lat' dir='ltr'><strong>Romam</strong></span> <span class='ocrx_word' id='word_1_102' title='bbox 2669 1751 2926 1835; x_wconf 87' lang='lat' dir='ltr'><strong>placue-</strong></span> 
     </span>
     <span class='ocr_line' id='line_1_14' title="bbox 615 1852 2927 1943; baseline -0.001 -21"><span class='ocrx_word' id='word_1_103' title='bbox 615 1864 732 1942; x_wconf 85' lang='lat' dir='ltr'><strong>rat,</strong></span> <span class='ocrx_word' id='word_1_104' title='bbox 779 1863 1031 1923; x_wconf 88' lang='lat' dir='ltr'><strong>tantum</strong></span> <span class='ocrx_word' id='word_1_105' title='bbox 1079 1858 1462 1924; x_wconf 88' lang='lat' dir='ltr'><strong>cachinnum</strong></span> <span class='ocrx_word' id='word_1_106' title='bbox 1512 1865 1774 1943; x_wconf 87' lang='lat' dir='ltr'><strong>repente</strong></span> <span class='ocrx_word' id='word_1_107' title='bbox 1823 1852 2051 1940; x_wconf 80' lang='lat' dir='ltr'><strong>edidit,</strong></span> <span class='ocrx_word' id='word_1_108' title='bbox 2106 1863 2183 1922; x_wconf 92' lang='lat' dir='ltr'><strong>ut</strong></span> <span class='ocrx_word' id='word_1_109' title='bbox 2225 1857 2541 1922; x_wconf 86' lang='lat' dir='ltr'><strong>machinis</strong></span> <span class='ocrx_word' id='word_1_110' title='bbox 2586 1857 2927 1924; x_wconf 83' lang='lat' dir='ltr'><strong>labefactis</strong></span> 
     </span>
     <span class='ocr_line' id='line_1_15' title="bbox 617 1963 2927 2050; baseline 0 -22"><span class='ocrx_word' id='word_1_111' title='bbox 617 1965 877 2048; x_wconf 85' lang='lat' dir='ltr'><strong>opifices</strong></span> <span class='ocrx_word' id='word_1_112' title='bbox 935 1963 1336 2050; x_wconf 82' lang='lat' dir='ltr'><strong>diffugerint3</strong></span> <span class='ocrx_word' id='word_1_113' title='bbox 1399 1967 1903 2050; x_wconf 87' lang='lat' dir='ltr'><strong>superuenitque</strong></span> <span class='ocrx_word' id='word_1_114' title='bbox 1959 1965 2108 2030; x_wconf 92' lang='lat' dir='ltr'><strong>ilico</strong></span> <span class='ocrx_word' id='word_1_115' title='bbox 2170 1965 2429 2049; x_wconf 89' lang='lat' dir='ltr'><strong>quidam</strong></span> <span class='ocrx_word' id='word_1_116' title='bbox 2488 1963 2745 2029; x_wconf 87' lang='lat' dir='ltr'><strong>Cassius</strong></span> <span class='ocrx_word' id='word_1_117' title='bbox 2811 1987 2927 2028; x_wconf 92' lang='lat' dir='ltr'><strong>no-</strong></span> 
     </span>
     <span class='ocr_line' id='line_1_16' title="bbox 615 2068 3009 2155; baseline -0 -20"><span class='ocrx_word' id='word_1_118' title='bbox 615 2073 814 2155; x_wconf 88' lang='lat' dir='ltr'><strong>mine,</strong></span> <span class='ocrx_word' id='word_1_119' title='bbox 878 2073 1123 2136; x_wconf 88' lang='lat' dir='ltr'><strong>iussum</strong></span> <span class='ocrx_word' id='word_1_120' title='bbox 1190 2093 1257 2135; x_wconf 87' lang='lat' dir='ltr'><strong>se</strong></span> <span class='ocrx_word' id='word_1_121' title='bbox 1323 2071 1574 2136; x_wconf 89' lang='lat' dir='ltr'><strong>somnio</strong></span> <span class='ocrx_word' id='word_1_122' title='bbox 1650 2073 1978 2136; x_wconf 88' lang='lat' dir='ltr'><strong>affirmans</strong></span> <span class='ocrx_word' id='word_1_123' title='bbox 2043 2073 2377 2136; x_wconf 90' lang='lat' dir='ltr'><strong>immolare</strong></span> <span class='ocrx_word' id='word_1_124' title='bbox 2442 2077 2697 2136; x_wconf 79' lang='lat' dir='ltr'><strong>taurum</strong></span> <span class='ocrx_word' id='word_1_125' title='bbox 2760 2068 2924 2135; x_wconf 91' lang='lat' dir='ltr'><strong>Ioui.</strong></span> <span class='ocrx_word' id='word_1_126' title='bbox 2955 2095 3009 2134; x_wconf 79' lang='lat'><strong>1⁵</strong></span> 
     </span>
    </p>

    <p class='ocr_par' dir='ltr' id='par_1_5' title="bbox 545 2175 3011 2690">
     <span class='ocr_line' id='line_1_17' title="bbox 545 2175 2930 2262; baseline -0 -20"><span class='ocrx_word' id='word_1_127' title='bbox 545 2195 577 2242; x_wconf 91' lang='grc'><strong>2</strong></span> <span class='ocrx_word' id='word_1_128' title='bbox 619 2175 1011 2262; x_wconf 86' lang='lat' dir='ltr'><strong>Capitolium</strong></span> <span class='ocrx_word' id='word_1_129' title='bbox 1043 2176 1297 2261; x_wconf 83' lang='lat' dir='ltr'><strong>Capuae</strong></span> <span class='ocrx_word' id='word_1_130' title='bbox 1325 2175 1416 2241; x_wconf 89' lang='lat' dir='ltr'><strong>Id.</strong></span> <span class='ocrx_word' id='word_1_131' title='bbox 1447 2177 1720 2262; x_wconf 75' lang='lat' dir='ltr'><strong>Mar&lt;t&gt;</strong></span> <span class='ocrx_word' id='word_1_132' title='bbox 1751 2179 1827 2242; x_wconf 88' lang='lat' dir='ltr'><strong>de</strong></span> <span class='ocrx_word' id='word_1_133' title='bbox 1867 2179 2041 2243; x_wconf 89' lang='lat' dir='ltr'><strong>caelo</strong></span> <span class='ocrx_word' id='word_1_134' title='bbox 2071 2183 2313 2243; x_wconf 89' lang='lat' dir='ltr'><strong>tactum</strong></span> <span class='ocrx_word' id='word_1_135' title='bbox 2344 2183 2460 2262; x_wconf 89' lang='lat' dir='ltr'><strong>est,</strong></span> <span class='ocrx_word' id='word_1_136' title='bbox 2497 2179 2651 2242; x_wconf 90' lang='lat' dir='ltr'><strong>item</strong></span> <span class='ocrx_word' id='word_1_137' title='bbox 2683 2177 2930 2242; x_wconf 80' lang='lat' dir='ltr'><strong>Romae</strong></span> 
     </span>
     <span class='ocr_line' id='line_1_18' title="bbox 617 2283 2927 2368; baseline 0 -21"><span class='ocrx_word' id='word_1_138' title='bbox 617 2283 777 2348; x_wconf 87' lang='lat' dir='ltr'><strong>cella</strong></span> <span class='ocrx_word' id='word_1_139' title='bbox 823 2284 1105 2348; x_wconf 84' lang='lat' dir='ltr'><strong>Palatini</strong></span> <span class='ocrx_word' id='word_1_140' title='bbox 1154 2285 1467 2348; x_wconf 72' lang='lat' dir='ltr'><strong>atriensis</strong></span> <span class='ocrx_word' id='word_1_141' title='bbox 1549 2307 1669 2350; x_wconf 91' lang='lat' dir='ltr'><strong>nec</strong></span> <span class='ocrx_word' id='word_1_142' title='bbox 1718 2286 2057 2350; x_wconf 84' lang='lat' dir='ltr'><strong>defuerunt</strong></span> <span class='ocrx_word' id='word_1_143' title='bbox 2100 2286 2212 2368; x_wconf 92' lang='lat' dir='ltr'><strong>qui</strong></span> <span class='ocrx_word' id='word_1_144' title='bbox 2252 2286 2686 2351; x_wconf 88' lang='lat' dir='ltr'><strong>coniectarent</strong></span> <span class='ocrx_word' id='word_1_145' title='bbox 2723 2285 2927 2349; x_wconf 88' lang='lat' dir='ltr'><strong>altero</strong></span> 
     </span>
     <span class='ocr_line' id='line_1_19' title="bbox 619 2390 2930 2477; baseline 0 -22"><span class='ocrx_word' id='word_1_146' title='bbox 619 2394 874 2455; x_wconf 86' lang='lat' dir='ltr'><strong>ostento</strong></span> <span class='ocrx_word' id='word_1_147' title='bbox 919 2390 1279 2473; x_wconf 89' lang='lat' dir='ltr'><strong>periculum</strong></span> <span class='ocrx_word' id='word_1_148' title='bbox 1335 2413 1374 2454; x_wconf 89' lang='lat' dir='ltr'><strong>a</strong></span> <span class='ocrx_word' id='word_1_149' title='bbox 1419 2391 1795 2456; x_wconf 89' lang='lat' dir='ltr'><strong>custodibus</strong></span> <span class='ocrx_word' id='word_1_150' title='bbox 1852 2392 2111 2456; x_wconf 89' lang='lat' dir='ltr'><strong>domino</strong></span> <span class='ocrx_word' id='word_1_151' title='bbox 2158 2393 2485 2477; x_wconf 88' lang='lat' dir='ltr'><strong>portendi,</strong></span> <span class='ocrx_word' id='word_1_152' title='bbox 2541 2392 2743 2458; x_wconf 88' lang='lat' dir='ltr'><strong>altero</strong></span> <span class='ocrx_word' id='word_1_153' title='bbox 2792 2413 2930 2456; x_wconf 81' lang='lat' dir='ltr'><strong>cae-</strong></span> 
     </span>
     <span class='ocr_line' id='line_1_20' title="bbox 621 2497 2926 2583; baseline 0 -22"><span class='ocrx_word' id='word_1_154' title='bbox 621 2497 764 2562; x_wconf 87' lang='lat' dir='ltr'><strong>dem</strong></span> <span class='ocrx_word' id='word_1_155' title='bbox 810 2519 1031 2560; x_wconf 89' lang='lat' dir='ltr'><strong>rursus</strong></span> <span class='ocrx_word' id='word_1_156' title='bbox 1079 2497 1417 2582; x_wconf 83' lang='lat' dir='ltr'><strong>insignem,</strong></span> <span class='ocrx_word' id='word_1_157' title='bbox 1465 2498 1675 2582; x_wconf 87' lang='lat' dir='ltr'><strong>qualis</strong></span> <span class='ocrx_word' id='word_1_158' title='bbox 1714 2499 1934 2562; x_wconf 91' lang='lat' dir='ltr'><strong>eodem</strong></span> <span class='ocrx_word' id='word_1_159' title='bbox 1976 2499 2077 2562; x_wconf 89' lang='lat' dir='ltr'><strong>die</strong></span> <span class='ocrx_word' id='word_1_160' title='bbox 2114 2499 2285 2562; x_wconf 86' lang='lat' dir='ltr'><strong>facta</strong></span> <span class='ocrx_word' id='word_1_161' title='bbox 2323 2499 2643 2583; x_wconf 87' lang='lat' dir='ltr'><strong>quondam</strong></span> <span class='ocrx_word' id='word_1_162' title='bbox 2680 2499 2926 2562; x_wconf 83' lang='lat' dir='ltr'><strong>fuisset.</strong></span> 
     </span>
     <span class='ocr_line' id='line_1_21' title="bbox 622 2602 3011 2690; baseline -0.001 -22"><span class='ocrx_word' id='word_1_163' title='bbox 622 2605 981 2668; x_wconf 88' lang='lat' dir='ltr'><strong>consulenti</strong></span> <span class='ocrx_word' id='word_1_164' title='bbox 1039 2625 1296 2686; x_wconf 89' lang='lat' dir='ltr'><strong>quoque</strong></span> <span class='ocrx_word' id='word_1_165' title='bbox 1353 2604 1430 2668; x_wconf 91' lang='lat' dir='ltr'><strong>de</strong></span> <span class='ocrx_word' id='word_1_166' title='bbox 1487 2605 1785 2690; x_wconf 86' lang='lat' dir='ltr'><strong>genitura</strong></span> <span class='ocrx_word' id='word_1_167' title='bbox 1841 2627 1957 2668; x_wconf 88' lang='lat' dir='ltr'><strong>sua</strong></span> <span class='ocrx_word' id='word_1_168' title='bbox 2014 2602 2196 2669; x_wconf 88' lang='lat' dir='ltr'><strong>Sulla</strong></span> <span class='ocrx_word' id='word_1_169' title='bbox 2249 2604 2741 2669; x_wconf 87' lang='lat' dir='ltr'><strong>mathematicus</strong></span> <span class='ocrx_word' id='word_1_170' title='bbox 2798 2627 2929 2669; x_wconf 88' lang='lat' dir='ltr'><strong>cer·</strong></span> <span class='ocrx_word' id='word_1_171' title='bbox 2958 2626 3011 2666; x_wconf 60' lang='grc' dir='ltr'><strong>πο</strong></span> 
     </span>
    </p>

    <p class='ocr_par' dir='ltr' id='par_1_6' title="bbox 552 2710 3009 3436">
     <span class='ocr_line' id='line_1_22' title="bbox 552 2710 2929 2794; baseline -0 -19"><span class='ocrx_word' id='word_1_172' title='bbox 552 2724 582 2774; x_wconf 81' lang='grc'><strong>3</strong></span> <span class='ocrx_word' id='word_1_173' title='bbox 622 2711 937 2775; x_wconf 87' lang='lat' dir='ltr'><strong>tissimam</strong></span> <span class='ocrx_word' id='word_1_174' title='bbox 977 2733 1194 2774; x_wconf 87' lang='lat' dir='ltr'><strong>necem</strong></span> <span class='ocrx_word' id='word_1_175' title='bbox 1233 2711 1751 2794; x_wconf 86' lang='lat' dir='ltr'><strong>appropinquare</strong></span> <span class='ocrx_word' id='word_1_176' title='bbox 1790 2711 2156 2775; x_wconf 86' lang='lat' dir='ltr'><strong>affirmauit.</strong></span> <span class='ocrx_word' id='word_1_177' title='bbox 2240 2715 2629 2776; x_wconf 89' lang='lat' dir='ltr'><strong>monuerunt</strong></span> <span class='ocrx_word' id='word_1_178' title='bbox 2674 2715 2739 2774; x_wconf 89' lang='lat' dir='ltr'><strong>et</strong></span> <span class='ocrx_word' id='word_1_179' title='bbox 2774 2710 2929 2774; x_wconf 86' lang='lat' dir='ltr'><strong>For-</strong></span> 
     </span>
     <span class='ocr_line' id='line_1_23' title="bbox 621 2816 2929 2902; baseline 0 -20"><span class='ocrx_word' id='word_1_180' title='bbox 621 2824 814 2882; x_wconf 86' lang='lat' dir='ltr'><strong>tunae</strong></span> <span class='ocrx_word' id='word_1_181' title='bbox 852 2816 1242 2902; x_wconf 86' lang='lat' dir='ltr'><strong>Antiatinae,</strong></span> <span class='ocrx_word' id='word_1_182' title='bbox 1290 2823 1363 2881; x_wconf 89' lang='lat' dir='ltr'><strong>ut</strong></span> <span class='ocrx_word' id='word_1_183' title='bbox 1409 2841 1446 2881; x_wconf 88' lang='lat' dir='ltr'><strong>a</strong></span> <span class='ocrx_word' id='word_1_184' title='bbox 1493 2816 1712 2882; x_wconf 87' lang='lat' dir='ltr'><strong>Cassio</strong></span> <span class='ocrx_word' id='word_1_185' title='bbox 1760 2821 2040 2902; x_wconf 81' lang='lat' dir='ltr'><strong>caueret3</strong></span> <span class='ocrx_word' id='word_1_186' title='bbox 2088 2839 2216 2900; x_wconf 86' lang='lat' dir='ltr'><strong>qua</strong></span> <span class='ocrx_word' id='word_1_187' title='bbox 2260 2839 2452 2881; x_wconf 79' lang='lat' dir='ltr'><strong>causa</strong></span> <span class='ocrx_word' id='word_1_188' title='bbox 2488 2818 2597 2882; x_wconf 91' lang='lat' dir='ltr'><strong>ille</strong></span> <span class='ocrx_word' id='word_1_189' title='bbox 2636 2816 2929 2882; x_wconf 88' lang='lat' dir='ltr'><strong>Cassium</strong></span> 
     </span>
     <span class='ocr_line' id='line_1_24' title="bbox 621 2923 2931 3011; baseline -0.001 -22"><span class='ocrx_word' id='word_1_190' title='bbox 621 2925 987 3011; x_wconf 85' lang='lat' dir='ltr'><strong>Longinum</strong></span> <span class='ocrx_word' id='word_1_191' title='bbox 1022 2923 1216 2988; x_wconf 87' lang='lat' dir='ltr'><strong>Asiae</strong></span> <span class='ocrx_word' id='word_1_192' title='bbox 1263 2929 1399 2989; x_wconf 89' lang='lat' dir='ltr'><strong>tum</strong></span> <span class='ocrx_word' id='word_1_193' title='bbox 1447 2924 1899 3008; x_wconf 87' lang='lat' dir='ltr'><strong>proconsulem</strong></span> <span class='ocrx_word' id='word_1_194' title='bbox 1940 2924 2353 2989; x_wconf 88' lang='lat' dir='ltr'><strong>occidendum</strong></span> <span class='ocrx_word' id='word_1_195' title='bbox 2392 2925 2800 3011; x_wconf 80' lang='lat' dir='ltr'><strong>delegauerat</strong></span> <span class='ocrx_word' id='word_1_196' title='bbox 2839 2926 2931 2988; x_wconf 90' lang='lat' dir='ltr'><strong>in-</strong></span> 
     </span>
     <span class='ocr_line' id='line_1_25' title="bbox 623 3029 2931 3115; baseline -0.001 -19"><span class='ocrx_word' id='word_1_197' title='bbox 623 3053 869 3096; x_wconf 89' lang='lat' dir='ltr'><strong>memor</strong></span> <span class='ocrx_word' id='word_1_198' title='bbox 935 3029 1281 3095; x_wconf 85' lang='lat' dir='ltr'><strong>Chaeream</strong></span> <span class='ocrx_word' id='word_1_199' title='bbox 1354 3029 1644 3096; x_wconf 85' lang='lat' dir='ltr'><strong>Cassium</strong></span> <span class='ocrx_word' id='word_1_200' title='bbox 1720 3031 2055 3096; x_wconf 89' lang='lat' dir='ltr'><strong>nominari.</strong></span> <span class='ocrx_word' id='word_1_201' title='bbox 2147 3031 2354 3115; x_wconf 89' lang='lat' dir='ltr'><strong>pridie</strong></span> <span class='ocrx_word' id='word_1_202' title='bbox 2419 3054 2609 3114; x_wconf 89' lang='lat' dir='ltr'><strong>quam</strong></span> <span class='ocrx_word' id='word_1_203' title='bbox 2676 3033 2931 3114; x_wconf 86' lang='lat' dir='ltr'><strong>periret,</strong></span> 
     </span>
     <span class='ocr_line' id='line_1_26' title="bbox 625 3136 3009 3222; baseline -0.002 -20"><span class='ocrx_word' id='word_1_204' title='bbox 625 3138 971 3203; x_wconf 89' lang='lat' dir='ltr'><strong>somniauit</strong></span> <span class='ocrx_word' id='word_1_205' title='bbox 1017 3139 1366 3203; x_wconf 88' lang='lat' dir='ltr'><strong>consistere</strong></span> <span class='ocrx_word' id='word_1_206' title='bbox 1413 3160 1478 3201; x_wconf 91' lang='lat' dir='ltr'><strong>se</strong></span> <span class='ocrx_word' id='word_1_207' title='bbox 1525 3139 1594 3202; x_wconf 89' lang='lat' dir='ltr'><strong>in</strong></span> <span class='ocrx_word' id='word_1_208' title='bbox 1632 3139 1808 3204; x_wconf 88' lang='lat' dir='ltr'><strong>caelo</strong></span> <span class='ocrx_word' id='word_1_209' title='bbox 1847 3138 2030 3202; x_wconf 81' lang='lat' dir='ltr'><strong>iuxta</strong></span> <span class='ocrx_word' id='word_1_210' title='bbox 2068 3137 2300 3202; x_wconf 86' lang='lat' dir='ltr'><strong>solium</strong></span> <span class='ocrx_word' id='word_1_211' title='bbox 2338 3136 2514 3202; x_wconf 91' lang='lat' dir='ltr'><strong>Iouis</strong></span> <span class='ocrx_word' id='word_1_212' title='bbox 2554 3137 2930 3222; x_wconf 88' lang='lat' dir='ltr'><strong>impulsum·</strong></span> <span class='ocrx_word' id='word_1_213' title='bbox 2958 3157 3009 3198; x_wconf 68' lang='grc' dir='ltr'><strong>ει</strong></span> 
     </span>
     <span class='ocr_line' id='line_1_27' title="bbox 625 3244 2932 3329; baseline 0 -21"><span class='ocrx_word' id='word_1_214' title='bbox 625 3268 750 3329; x_wconf 91' lang='lat' dir='ltr'><strong>que</strong></span> <span class='ocrx_word' id='word_1_215' title='bbox 788 3245 866 3309; x_wconf 86' lang='lat' dir='ltr'><strong>ab</strong></span> <span class='ocrx_word' id='word_1_216' title='bbox 906 3267 981 3310; x_wconf 88' lang='lat' dir='ltr'><strong>eo</strong></span> <span class='ocrx_word' id='word_1_217' title='bbox 1021 3244 1228 3309; x_wconf 82' lang='lat' dir='ltr'><strong>dextri</strong></span> <span class='ocrx_word' id='word_1_218' title='bbox 1265 3245 1448 3328; x_wconf 88' lang='lat' dir='ltr'><strong>pedis</strong></span> <span class='ocrx_word' id='word_1_219' title='bbox 1485 3245 1719 3328; x_wconf 89' lang='lat' dir='ltr'><strong>pollice</strong></span> <span class='ocrx_word' id='word_1_220' title='bbox 1766 3249 1831 3309; x_wconf 90' lang='lat' dir='ltr'><strong>et</strong></span> <span class='ocrx_word' id='word_1_221' title='bbox 1868 3246 1937 3308; x_wconf 91' lang='lat' dir='ltr'><strong>in</strong></span> <span class='ocrx_word' id='word_1_222' title='bbox 1963 3249 2165 3308; x_wconf 88' lang='lat' dir='ltr'><strong>terras</strong></span> <span class='ocrx_word' id='word_1_223' title='bbox 2212 3245 2723 3328; x_wconf 86' lang='lat' dir='ltr'><strong>praecipitatum.</strong></span> <span class='ocrx_word' id='word_1_224' title='bbox 2789 3267 2932 3328; x_wconf 88' lang='lat' dir='ltr'><strong>pro-</strong></span> 
     </span>
     <span class='ocr_line' id='line_1_28' title="bbox 628 3350 2935 3436; baseline -0 -20"><span class='ocrx_word' id='word_1_225' title='bbox 628 3353 947 3436; x_wconf 82' lang='lat' dir='ltr'><strong>digiorum</strong></span> <span class='ocrx_word' id='word_1_226' title='bbox 1015 3353 1157 3416; x_wconf 92' lang='lat' dir='ltr'><strong>loco</strong></span> <span class='ocrx_word' id='word_1_227' title='bbox 1222 3351 1442 3415; x_wconf 86' lang='lat' dir='ltr'><strong>habita</strong></span> <span class='ocrx_word' id='word_1_228' title='bbox 1509 3356 1660 3416; x_wconf 89' lang='lat' dir='ltr'><strong>sunt</strong></span> <span class='ocrx_word' id='word_1_229' title='bbox 1722 3352 1946 3435; x_wconf 89' lang='lat' dir='ltr'><strong>etiam,</strong></span> <span class='ocrx_word' id='word_1_230' title='bbox 2011 3373 2174 3434; x_wconf 88' lang='lat' dir='ltr'><strong>quae</strong></span> <span class='ocrx_word' id='word_1_231' title='bbox 2237 3352 2403 3415; x_wconf 83' lang='lat' dir='ltr'><strong>forte</strong></span> <span class='ocrx_word' id='word_1_232' title='bbox 2460 3350 2573 3415; x_wconf 87' lang='lat' dir='ltr'><strong>illo</strong></span> <span class='ocrx_word' id='word_1_233' title='bbox 2630 3351 2773 3436; x_wconf 87' lang='lat' dir='ltr'><strong>ipso</strong></span> <span class='ocrx_word' id='word_1_234' title='bbox 2832 3351 2935 3415; x_wconf 83' lang='lat' dir='ltr'><strong>die</strong></span> 
     </span>
    </p>

    <p class='ocr_par' dir='ltr' id='par_1_7' title="bbox 558 3456 3013 3971">
     <span class='ocr_line' id='line_1_29' title="bbox 558 3456 2934 3543; baseline 0.001 -25"><span class='ocrx_word' id='word_1_235' title='bbox 558 3473 590 3518; x_wconf 91' lang='lat'>4</span> <span class='ocrx_word' id='word_1_236' title='bbox 631 3459 821 3542; x_wconf 82' lang='lat' dir='ltr'><strong>paulo</strong></span> <span class='ocrx_word' id='word_1_237' title='bbox 870 3458 1050 3540; x_wconf 86' lang='lat' dir='ltr'><strong>prius</strong></span> <span class='ocrx_word' id='word_1_238' title='bbox 1089 3456 1466 3522; x_wconf 84' lang='lat' dir='ltr'><strong>acciderant.</strong></span> <span class='ocrx_word' id='word_1_239' title='bbox 1541 3458 1904 3521; x_wconf 87' lang='lat' dir='ltr'><strong>sacrificans</strong></span> <span class='ocrx_word' id='word_1_240' title='bbox 1950 3479 2277 3542; x_wconf 87' lang='lat' dir='ltr'><strong>respersus</strong></span> <span class='ocrx_word' id='word_1_241' title='bbox 2316 3462 2415 3522; x_wconf 89' lang='lat' dir='ltr'><strong>est</strong></span> <span class='ocrx_word' id='word_1_242' title='bbox 2449 3459 2934 3543; x_wconf 86' lang='lat' dir='ltr'><strong>phoenicopteri</strong></span> 
     </span>
     <span class='ocr_line' id='line_1_30' title="bbox 629 3563 2936 3650; baseline 0 -22"><span class='ocrx_word' id='word_1_243' title='bbox 629 3565 967 3649; x_wconf 83' lang='lat' dir='ltr'><strong>sanguine3</strong></span> <span class='ocrx_word' id='word_1_244' title='bbox 1015 3569 1079 3627; x_wconf 89' lang='lat' dir='ltr'><strong>et</strong></span> <span class='ocrx_word' id='word_1_245' title='bbox 1124 3564 1560 3647; x_wconf 88' lang='lat' dir='ltr'><strong>pantomimus</strong></span> <span class='ocrx_word' id='word_1_246' title='bbox 1597 3563 1885 3628; x_wconf 89' lang='lat' dir='ltr'><strong>Mnester</strong></span> <span class='ocrx_word' id='word_1_247' title='bbox 1922 3563 2316 3650; x_wconf 80' lang='lat' dir='ltr'><strong>tragoediam</strong></span> <span class='ocrx_word' id='word_1_248' title='bbox 2354 3565 2551 3648; x_wconf 65' lang='lat' dir='ltr'><strong>(trag.</strong></span> <span class='ocrx_word' id='word_1_249' title='bbox 2577 3567 2699 3646; x_wconf 75' lang='lat' dir='ltr'><strong>fry.</strong></span> <span class='ocrx_word' id='word_1_250' title='bbox 2730 3565 2936 3646; x_wconf 63' lang='lat' dir='ltr'><strong>adesp.</strong></span> 
     </span>
     <span class='ocr_line' id='line_1_31' title="bbox 624 3669 3013 3756; baseline -0.001 -21"><span class='ocrx_word' id='word_1_251' title='bbox 624 3695 688 3754; x_wconf 80' lang='lat' dir='ltr'><strong>p.</strong></span> <span class='ocrx_word' id='word_1_252' title='bbox 720 3671 888 3752; x_wconf 68' lang='lat'><em>838&gt;</em></span> <span class='ocrx_word' id='word_1_253' title='bbox 935 3671 1213 3748; x_wconf 89' lang='lat' dir='ltr'><strong>saltauit,</strong></span> <span class='ocrx_word' id='word_1_254' title='bbox 1263 3693 1454 3754; x_wconf 89' lang='lat' dir='ltr'><strong>quam</strong></span> <span class='ocrx_word' id='word_1_255' title='bbox 1494 3671 1649 3735; x_wconf 87' lang='lat' dir='ltr'><strong>olim</strong></span> <span class='ocrx_word' id='word_1_256' title='bbox 1687 3669 2151 3755; x_wconf 89' lang='lat' dir='ltr'><strong>Neoptolemus</strong></span> <span class='ocrx_word' id='word_1_257' title='bbox 2188 3673 2534 3756; x_wconf 84' lang='lat' dir='ltr'><strong>tragoedus</strong></span> <span class='ocrx_word' id='word_1_258' title='bbox 2568 3672 2759 3755; x_wconf 84' lang='lat' dir='ltr'><strong>ludis,</strong></span> <span class='ocrx_word' id='word_1_259' title='bbox 2798 3673 2937 3755; x_wconf 87' lang='lat' dir='ltr'><strong>qui-</strong></span> <span class='ocrx_word' id='word_1_260' title='bbox 2962 3691 3013 3732; x_wconf 76' lang='grc' dir='ltr'>ω</span> 
     </span>
     <span class='ocr_line' id='line_1_32' title="bbox 631 3776 2937 3863; baseline 0 -21"><span class='ocrx_word' id='word_1_261' title='bbox 631 3778 752 3842; x_wconf 91' lang='lat' dir='ltr'><strong>bus</strong></span> <span class='ocrx_word' id='word_1_262' title='bbox 799 3799 912 3841; x_wconf 88' lang='lat' dir='ltr'><strong>rex</strong></span> <span class='ocrx_word' id='word_1_263' title='bbox 950 3776 1370 3841; x_wconf 88' lang='lat' dir='ltr'><strong>Macedonum</strong></span> <span class='ocrx_word' id='word_1_264' title='bbox 1418 3776 1761 3862; x_wconf 89' lang='lat' dir='ltr'><strong>Philippus</strong></span> <span class='ocrx_word' id='word_1_265' title='bbox 1810 3780 2059 3842; x_wconf 90' lang='lat' dir='ltr'><strong>occisus</strong></span> <span class='ocrx_word' id='word_1_266' title='bbox 2102 3783 2225 3862; x_wconf 88' lang='lat' dir='ltr'><strong>est,</strong></span> <span class='ocrx_word' id='word_1_267' title='bbox 2272 3782 2516 3863; x_wconf 86' lang='lat' dir='ltr'><strong>egerat3</strong></span> <span class='ocrx_word' id='word_1_268' title='bbox 2562 3784 2629 3842; x_wconf 89' lang='lat' dir='ltr'><strong>et</strong></span> <span class='ocrx_word' id='word_1_269' title='bbox 2676 3800 2823 3842; x_wconf 91' lang='lat' dir='ltr'><strong>cum</strong></span> <span class='ocrx_word' id='word_1_270' title='bbox 2869 3779 2937 3842; x_wconf 91' lang='lat' dir='ltr'><strong>in</strong></span> 
     </span>
     <span class='ocr_line' id='line_1_33' title="bbox 630 3879 2937 3971; baseline 0.001 -23"><span class='ocrx_word' id='word_1_271' title='bbox 630 3884 945 3948; x_wconf 88' lang='lat' dir='ltr'><strong>Laureolo</strong></span> <span class='ocrx_word' id='word_1_272' title='bbox 981 3885 1199 3969; x_wconf 90' lang='lat' dir='ltr'><strong>mim0,</strong></span> <span class='ocrx_word' id='word_1_273' title='bbox 1237 3885 1302 3948; x_wconf 91' lang='lat' dir='ltr'><strong>in</strong></span> <span class='ocrx_word' id='word_1_274' title='bbox 1342 3879 1469 3967; x_wconf 86' lang='lat' dir='ltr'><strong>quo</strong></span> <span class='ocrx_word' id='word_1_275' title='bbox 1509 3884 1792 3969; x_wconf 86' lang='lat' dir='ltr'><strong>a[u]ctor</strong></span> <span class='ocrx_word' id='word_1_276' title='bbox 1828 3885 2191 3969; x_wconf 87' lang='lat' dir='ltr'><strong>proripiens</strong></span> <span class='ocrx_word' id='word_1_277' title='bbox 2232 3907 2298 3950; x_wconf 87' lang='lat' dir='ltr'><strong>se</strong></span> <span class='ocrx_word' id='word_1_278' title='bbox 2334 3886 2521 3949; x_wconf 90' lang='lat' dir='ltr'><strong>ruina</strong></span> <span class='ocrx_word' id='word_1_279' title='bbox 2558 3885 2937 3971; x_wconf 84' lang='lat' dir='ltr'><strong>sanguinem</strong></span> 
     </span>
    </p>
   </div>
   <div class='ocr_carea' id='block_1_3' title="bbox 824 4003 1064 4009">
    <p class='ocr_par' dir='ltr' id='par_1_8' title="bbox 824 4003 1064 4009">
     <span class='ocr_line' id='line_1_34' title="bbox 824 4003 1064 4009; baseline 0 0"><span class='ocrx_word' id='word_1_280' title='bbox 824 4003 1064 4009; x_wconf 95' lang='lat' dir='ltr'><strong> </strong></span> 
     </span>
    </p>
   </div>
   <div class='ocr_carea' id='block_1_4' title="bbox 639 4057 2949 4609">
    <p class='ocr_par' dir='ltr' id='par_1_9' title="bbox 779 4057 2694 4128">
     <span class='ocr_line' id='line_1_35' title="bbox 779 4057 2694 4128; baseline 0 -16"><span class='ocrx_word' id='word_1_281' title='bbox 779 4065 809 4112; x_wconf 85' lang='lat'>5</span> <span class='ocrx_word' id='word_1_282' title='bbox 850 4062 1059 4114; x_wconf 75' lang='lat' dir='ltr'><strong>Auson.</strong></span> <span class='ocrx_word' id='word_1_283' title='bbox 1077 4063 1208 4125; x_wconf 84' lang='lat'><strong>259,</strong></span> <span class='ocrx_word' id='word_1_284' title='bbox 1227 4063 1260 4112; x_wconf 79' lang='lat'><strong><em>4</em></strong></span> <span class='ocrx_word' id='word_1_285' title='bbox 1299 4058 1538 4128; x_wconf 83' lang='lat' dir='ltr'><strong>expetiit</strong></span> <span class='ocrx_word' id='word_1_286' title='bbox 1573 4075 1785 4127; x_wconf 87' lang='lat' dir='ltr'><strong>poenas</strong></span> <span class='ocrx_word' id='word_1_287' title='bbox 1824 4059 1894 4112; x_wconf 90' lang='lat' dir='ltr'><strong>de</strong></span> <span class='ocrx_word' id='word_1_288' title='bbox 1932 4057 2169 4114; x_wconf 84' lang='lat' dir='ltr'><strong>Caesare</strong></span> <span class='ocrx_word' id='word_1_289' title='bbox 2207 4058 2454 4114; x_wconf 86' lang='lat' dir='ltr'><strong>Chaerea</strong></span> <span class='ocrx_word' id='word_1_290' title='bbox 2490 4059 2694 4114; x_wconf 84' lang='lat' dir='ltr'><strong>mollis.</strong></span> 
     </span>
    </p>

    <p class='ocr_par' dir='ltr' id='par_1_10' title="bbox 639 4218 2949 4609">
     <span class='ocr_line' id='line_1_36' title="bbox 779 4218 2938 4291; baseline 0.001 -17"><span class='ocrx_word' id='word_1_291' title='bbox 779 4227 810 4274; x_wconf 84' lang='lat'>2</span> <span class='ocrx_word' id='word_1_292' title='bbox 852 4221 1054 4291; x_wconf 84' lang='lat' dir='ltr'><strong>dignos</strong></span> <span class='ocrx_word' id='word_1_293' title='bbox 1082 4227 1133 4274; x_wconf 82' lang='lat' dir='ltr'><strong>et</strong></span> <span class='ocrx_word' id='word_1_294' title='bbox 1161 4220 1481 4274; x_wconf 87' lang='lat' dir='ltr'><strong>necessauit</strong></span> <span class='ocrx_word' id='word_1_295' title='bbox 1510 4222 1585 4274; x_wconf 82' lang='lat' dir='ltr'><em>M</em></span> <span class='ocrx_word' id='word_1_296' title='bbox 1690 4227 1722 4273; x_wconf 88' lang='grc'>4</span> <span class='ocrx_word' id='word_1_297' title='bbox 1761 4218 1882 4272; x_wconf 90' lang='lat' dir='ltr'><strong>ludi</strong></span> <span class='ocrx_word' id='word_1_298' title='bbox 1904 4224 1959 4273; x_wconf 99' lang='lat' dir='ltr'><em>X</em></span> <span class='ocrx_word' id='word_1_299' title='bbox 2065 4225 2095 4272; x_wconf 85' lang='grc'>6</span> <span class='ocrx_word' id='word_1_300' title='bbox 2125 4223 2185 4273; x_wconf 86' lang='lat' dir='ltr'><strong>et</strong></span> <span class='ocrx_word' id='word_1_301' title='bbox 2212 4237 2310 4274; x_wconf 87' lang='lat' dir='ltr'><strong>om.</strong></span> <span class='ocrx_word' id='word_1_302' title='bbox 2336 4220 2412 4287; x_wconf 81' lang='lat' dir='ltr'><strong>N,</strong></span> <span class='ocrx_word' id='word_1_303' title='bbox 2440 4223 2505 4273; x_wconf 85' lang='lat' dir='ltr'><strong>ut</strong></span> <span class='ocrx_word' id='word_1_304' title='bbox 2524 4221 2643 4275; x_wconf 75' lang='lat' dir='ltr'><strong>edd.</strong></span> <span class='ocrx_word' id='word_1_305' title='bbox 2668 4221 2824 4276; x_wconf 84' lang='lat' dir='ltr'><strong>Rom.</strong></span> <span class='ocrx_word' id='word_1_306' title='bbox 2848 4239 2938 4290; x_wconf 80' lang='lat' dir='ltr'><strong>pr.</strong></span> 
     </span>
     <span class='ocr_line' id='line_1_37' title="bbox 642 4299 2943 4371; baseline -0 -16"><span class='ocrx_word' id='word_1_307' title='bbox 642 4308 705 4355; x_wconf 82' lang='lat'><strong>13</strong></span> <span class='ocrx_word' id='word_1_308' title='bbox 737 4302 896 4355; x_wconf 85' lang='lat' dir='ltr'><strong>dedit</strong></span> <span class='ocrx_word' id='word_1_309' title='bbox 926 4303 1002 4356; x_wconf 83' lang='lat' dir='ltr'><em>M</em></span> <span class='ocrx_word' id='word_1_310' title='bbox 1118 4306 1182 4354; x_wconf 87' lang='grc'><strong>18</strong></span> <span class='ocrx_word' id='word_1_311' title='bbox 1211 4303 1470 4369; x_wconf 87' lang='lat' dir='ltr'><strong>portento</strong></span> <span class='ocrx_word' id='word_1_312' title='bbox 1505 4301 1555 4354; x_wconf 87' lang='lat' dir='ltr'><strong>G-</strong></span> <span class='ocrx_word' id='word_1_313' title='bbox 1669 4306 1733 4353; x_wconf 84' lang='lat'><strong>19</strong></span> <span class='ocrx_word' id='word_1_314' title='bbox 1766 4301 1964 4354; x_wconf 86' lang='lat' dir='ltr'><strong>eadem</strong></span> <span class='ocrx_word' id='word_1_315' title='bbox 1992 4304 2050 4353; x_wconf 89' lang='lat' dir='ltr'><em>X</em></span> <span class='ocrx_word' id='word_1_316' title='bbox 2160 4299 2254 4353; x_wconf 90' lang='lat' dir='ltr'><strong>die</strong></span> <span class='ocrx_word' id='word_1_317' title='bbox 2283 4317 2382 4354; x_wconf 80' lang='lat' dir='ltr'><strong>om.</strong></span> <span class='ocrx_word' id='word_1_318' title='bbox 2418 4303 2465 4352; x_wconf 79' lang='lat' dir='ltr'><em>T</em></span> <span class='ocrx_word' id='word_1_319' title='bbox 2570 4305 2638 4352; x_wconf 79' lang='lat'><strong>20</strong></span> <span class='ocrx_word' id='word_1_320' title='bbox 2668 4301 2763 4371; x_wconf 87' lang='lat' dir='ltr'><strong>de]</strong></span> <span class='ocrx_word' id='word_1_321' title='bbox 2794 4300 2842 4354; x_wconf 82' lang='lat' dir='ltr'><strong>si</strong></span> <span class='ocrx_word' id='word_1_322' title='bbox 2873 4305 2943 4368; x_wconf 79' lang='lat' dir='ltr'><strong>(et</strong></span> 
     </span>
     <span class='ocr_line' id='line_1_38' title="bbox 639 4379 2949 4450; baseline -0.002 -12"><span class='ocrx_word' id='word_1_323' title='bbox 639 4391 753 4438; x_wconf 81' lang='lat' dir='ltr'><strong>tum</strong></span> <span class='ocrx_word' id='word_1_324' title='bbox 794 4379 1016 4450; x_wconf 82' lang='lat' dir='ltr'><strong>sullam)</strong></span> <span class='ocrx_word' id='word_1_325' title='bbox 1050 4381 1101 4435; x_wconf 80' lang='lat' dir='ltr'><strong><em>G</em></strong></span> <span class='ocrx_word' id='word_1_326' title='bbox 1247 4387 1309 4433; x_wconf 83' lang='lat'><strong>21</strong></span> <span class='ocrx_word' id='word_1_327' title='bbox 1363 4384 1420 4433; x_wconf 88' lang='lat' dir='ltr'><strong>et</strong></span> <span class='ocrx_word' id='word_1_328' title='bbox 1465 4398 1568 4434; x_wconf 85' lang='lat' dir='ltr'><strong>om.</strong></span> <span class='ocrx_word' id='word_1_329' title='bbox 1600 4383 1655 4432; x_wconf 88' lang='lat' dir='ltr'><em>X</em></span> <span class='ocrx_word' id='word_1_330' title='bbox 1805 4386 1872 4432; x_wconf 86' lang='lat'><strong>30</strong></span> <span class='ocrx_word' id='word_1_331' title='bbox 1909 4379 2333 4449; x_wconf 90' lang='lat' dir='ltr'><strong>neoptolomeus</strong></span> <span class='ocrx_word' id='word_1_332' title='bbox 2376 4382 2469 4447; x_wconf 83' lang='lat' dir='ltr'><strong>M,</strong></span> <span class='ocrx_word' id='word_1_333' title='bbox 2521 4379 2873 4449; x_wconf 86' lang='lat' dir='ltr'><strong>neptolemus</strong></span> <span class='ocrx_word' id='word_1_334' title='bbox 2902 4384 2949 4434; x_wconf 80' lang='lat' dir='ltr'><strong><em>T</em></strong></span> 
     </span>
     <span class='ocr_line' id='line_1_39' title="bbox 641 4460 2943 4529; baseline 0 -15"><span class='ocrx_word' id='word_1_335' title='bbox 641 4468 706 4514; x_wconf 87' lang='grc'><strong>32</strong></span> <span class='ocrx_word' id='word_1_336' title='bbox 728 4462 1080 4515; x_wconf 69' lang='lat' dir='ltr'><strong>laureaco&#39;l&#39;d</strong></span> <span class='ocrx_word' id='word_1_337' title='bbox 1191 4463 1386 4514; x_wconf 83' lang='lat' dir='ltr'><strong>auctor</strong></span> <span class='ocrx_word' id='word_1_338' title='bbox 1409 4463 1476 4525; x_wconf 74' lang='grc' dir='ltr'><strong>Ω,</strong></span> <span class='ocrx_word' id='word_1_339' title='bbox 1497 4477 1633 4514; x_wconf 87' lang='lat' dir='ltr'><strong>corr.</strong></span> <span class='ocrx_word' id='word_1_340' title='bbox 1658 4477 1691 4519; x_wconf 87' lang='grc' dir='ltr'><strong><em>ς</em></strong></span> <span class='ocrx_word' id='word_1_341' title='bbox 1713 4461 2061 4528; x_wconf 75' lang='lat' dir='ltr'><strong>(Beroaldus)</strong></span> <span class='ocrx_word' id='word_1_342' title='bbox 2171 4476 2477 4529; x_wconf 86' lang='lat' dir='ltr'><strong>prorepens</strong></span> <span class='ocrx_word' id='word_1_343' title='bbox 2498 4477 2529 4514; x_wconf 91' lang='lat' dir='ltr'><strong>e</strong></span> <span class='ocrx_word' id='word_1_344' title='bbox 2547 4460 2713 4514; x_wconf 88' lang='lat' dir='ltr'><strong>ruina</strong></span> <span class='ocrx_word' id='word_1_345' title='bbox 2732 4461 2943 4516; x_wconf 77' lang='lat' dir='ltr'><strong>Beatus</strong></span> 
     </span>
     <span class='ocr_line' id='line_1_40' title="bbox 643 4541 2943 4609; baseline 0 -13"><span class='ocrx_word' id='word_1_346' title='bbox 643 4545 945 4596; x_wconf 75' lang='lat' dir='ltr'><strong>Rhenanus</strong></span> <span class='ocrx_word' id='word_1_347' title='bbox 983 4544 1033 4609; x_wconf 76' lang='lat' dir='ltr'><strong>(e</strong></span> <span class='ocrx_word' id='word_1_348' title='bbox 1062 4541 1227 4593; x_wconf 87' lang='lat' dir='ltr'><strong>ruina</strong></span> <span class='ocrx_word' id='word_1_349' title='bbox 1258 4557 1362 4608; x_wconf 81' lang='lat' dir='ltr'><strong>pro</strong></span> <span class='ocrx_word' id='word_1_350' title='bbox 1402 4558 1458 4594; x_wconf 88' lang='lat' dir='ltr'><strong>se</strong></span> <span class='ocrx_word' id='word_1_351' title='bbox 1496 4541 1661 4593; x_wconf 83' lang='lat' dir='ltr'><strong>ruina</strong></span> <span class='ocrx_word' id='word_1_352' title='bbox 1692 4541 1762 4603; x_wconf 79' lang='lat' dir='ltr'><strong>R,</strong></span> <span class='ocrx_word' id='word_1_353' title='bbox 1804 4557 1859 4592; x_wconf 89' lang='lat' dir='ltr'><strong>se</strong></span> <span class='ocrx_word' id='word_1_354' title='bbox 1900 4559 1928 4594; x_wconf 85' lang='lat' dir='ltr'><strong>e</strong></span> <span class='ocrx_word' id='word_1_355' title='bbox 1966 4541 2128 4593; x_wconf 89' lang='lat' dir='ltr'><strong>ruina</strong></span> <span class='ocrx_word' id='word_1_356' title='bbox 2162 4543 2337 4606; x_wconf 62' lang='lat' dir='ltr'><strong>Torva,</strong></span> <span class='ocrx_word' id='word_1_357' title='bbox 2376 4541 2604 4593; x_wconf 82' lang='lat' dir='ltr'><strong>ceruina</strong></span> <span class='ocrx_word' id='word_1_358' title='bbox 2632 4541 2943 4604; x_wconf 76' lang='lat' dir='ltr'><strong>Reiuesius)</strong></span> 
     </span>
    </p>
   </div>
   <div class='ocr_carea' id='block_1_5' title="bbox 3225 657 3249 751">
    <p class='ocr_par' dir='ltr' id='par_1_11' title="bbox 3225 657 3249 751">
     <span class='ocr_line' id='line_1_41' title="bbox 3225 657 3249 751; textangle 90"><span class='ocrx_word' id='word_1_359' title='bbox 3225 657 3249 751; x_wconf 48' lang='lat'><strong>2—</strong></span> 
     </span>
    </p>
   </div>
   <div class='ocr_carea' id='block_1_6' title="bbox 3224 787 3249 1944">
    <p class='ocr_par' dir='ltr' id='par_1_12' title="bbox 3224 787 3249 1944">
     <span class='ocr_line' id='line_1_42' title="bbox 3224 787 3249 1944; textangle 90"><span class='ocrx_word' id='word_1_360' title='bbox 3224 787 3249 1944; x_wconf 33' lang='lat' dir='ltr'><strong>i-*d*·—.—.-Q-4*.-—-2</strong></span> 
     </span>
    </p>
   </div>
   <div class='ocr_carea' id='block_1_7' title="bbox 3247 2095 3249 3174">
    <p class='ocr_par' dir='ltr' id='par_1_13' title="bbox 3247 2095 3249 3174">
     <span class='ocr_line' id='line_1_43' title="bbox 3247 2095 3249 3174; baseline 0 0"><span class='ocrx_word' id='word_1_361' title='bbox 3247 2095 3249 3174; x_wconf 95' lang='lat' dir='ltr'><strong> </strong></span> 
     </span>
    </p>
   </div>
   <div class='ocr_carea' id='block_1_8' title="bbox 3246 2095 3250 3545">
    <p class='ocr_par' dir='ltr' id='par_1_14' title="bbox 3246 2095 3250 3545">
     <span class='ocr_line' id='line_1_44' title="bbox 3246 2095 3250 3545; baseline 0 0"><span class='ocrx_word' id='word_1_362' title='bbox 3246 2095 3250 3545; x_wconf 95' lang='lat' dir='ltr'><strong> </strong></span> 
     </span>
    </p>
   </div>
   <div class='ocr_carea' id='block_1_9' title="bbox 3247 3683 3249 4324">
    <p class='ocr_par' dir='ltr' id='par_1_15' title="bbox 3247 3683 3249 4324">
     <span class='ocr_line' id='line_1_45' title="bbox 3247 3683 3249 4324; baseline 0 0"><span class='ocrx_word' id='word_1_363' title='bbox 3247 3683 3249 4324; x_wconf 95' lang='lat' dir='ltr'><strong> </strong></span> 
     </span>
    </p>
   </div>
  </div>
 </body>
</html>
