3259 5209
1282 438 1479 494 OTHO
1518 451 1651 502 [cu.
1676 452 1739 491 11.
1759 451 1830 498 12]
2565 437 2703 502 293

401 604 642 668 maiore
686 603 998 668 miraculo
1043 603 1254 668 fuerit.
1338 601 1527 671 multi
1566 602 2003 687 praesentium
2049 599 2331 667 militum
2378 623 2524 666 cum
2560 602 2704 685 plu-

401 711 565 775 rimo
621 711 781 776 fletu
834 731 1063 775 manus
1117 732 1192 774 ac
1250 709 1443 793 pedes
1503 707 1773 800 iacentis
1834 707 2214 792 exosculati,
2274 708 2698 773 fortissimum

400 819 631 900 uirum,
676 818 939 882 unicum
996 819 1449 901 imperatorem
1495 801 1964 902 praedicantes,
2019 815 2258 881 ibidem
2315 816 2533 880 statim
2581 836 2701 880 nec

399 926 628 1008 procul
675 947 712 988 a
756 945 917 1010 rogo
964 925 1096 988 uim
1148 943 1299 989 suae
1344 922 1517 988 uitae
1555 923 1940 1008 attulerunt}
1987 922 2176 986 multi
2223 925 2290 986 et
2335 920 2700 985 absentium

344 1057 373 1098 ε
400 1035 666 1115 accepto
712 1031 942 1096 nuntio
998 1052 1153 1114 prae
1200 1029 1422 1094 dolore
1476 1031 1672 1094 armis
1731 1030 1899 1094 inter
1952 1052 2018 1093 se
2073 1029 2154 1094 ad
2201 1027 2698 1093 internecionem

401 1143 877 1202 concurrerunt.
961 1137 1237 1221 denique
1281 1158 1516 1224 magna
1557 1158 1707 1221 pars
1753 1133 2090 1201 hominum
2135 1134 2523 1200 incolumem
2560 1155 2702 1220 gra-

400 1243 667 1308 uissime
714 1242 1029 1309 detestata
1074 1248 1403 1324 mortuum
1448 1241 1750 1309 laudibus
1795 1237 1976 1326 tulit,
2027 1246 2101 1307 ut
2146 1241 2344 1328 uulgo
2393 1242 2701 1306 iactatum

403 1351 491 1414 sit
536 1351 757 1434 etiam,
805 1348 1075 1416 Galbam
1124 1350 1203 1415 ab
1252 1372 1327 1415 eo
1376 1371 1505 1414 non
1550 1355 1683 1415 tam
1732 1349 2103 1416 dominandi
2151 1372 2342 1435 quam
2390 1350 2484 1414 rei
2528 1372 2588 1433 p.
2628 1373 2703 1416 ac

400 1456 723 1522 libertatis
768 1457 1198 1523 restituendae
1247 1479 1437 1522 causa
1482 1457 1956 1542 interemptum.

550 1657 575 1703 1
617 1651 773 1718 Epit.
805 1655 857 1716 7,
882 1655 922 1705 2
951 1649 1091 1704 adeo
1129 1625 1390 1704 amabilis
1438 1647 1716 1704 militibus
1745 1649 2030 1720 propriis,
2075 1651 2142 1702 ut
2181 1649 2436 1718 plerique
2474 1668 2702 1720 corpore

404 1729 525 1784 eius
560 1730 685 1785 uiso
723 1730 841 1784 suis
878 1729 1139 1784 manibus
1175 1730 1509 1784 interierint.

642 1845 652 1848 -
668 1843 746 1850 0—-›—
780 1845 785 1848 .

550 1913 577 1960 1
618 1907 831 1962 maiore
856 1909 998 1974 MX,
1036 1906 1235 1961 maiori
1269 1908 1593 1978 GY(uu19.)
1765 1914 1795 1961 2
1835 1907 2074 2014 osculati
2102 1909 2152 1962 G
2301 1915 2348 1962 6
2385 1903 2700 1963 internitioss

404 2004 533 2042 nem
562 1992 622 2042 X
741 1994 788 2041 6
828 1987 1148 2058 gratissime
1182 1973 1233 2041 G'

546 2069 747 2123 subsc-r.
787 2085 832 2121 c.
864 2067 1083 2122 suetoni
1128 2067 1422 2136 tranquilli
1471 2070 1540 2124 de
1586 2069 1712 2122 uita
1749 2073 1978 2124 caesar-fi
2017 2069 2151 2123 otho
2188 2069 2388 2139 explic.
2425 2069 2578 2140 incip
2617 2071 2703 2140 ui-

404 2147 598 2202 'oellius
634 2147 877 2203 feliciter
906 2151 981 2203 M
1011 2155 1061 2202 et
1096 2151 1214 2203 sim.
1245 2147 1415 2204 PHR
1449 2147 1715 2220 (feliciter
1751 2165 1852 2204 om.
1883 2151 1956 2216 R,
1992 2150 2102 2204 inc.
2139 2149 2240 2203 uit.
2279 2149 2375 2204 fel.
2409 2167 2510 2204 om.
2542 2152 2612 2217 P)
2689 2149 2692 2154 ’

408 2228 541 2282 otho
580 2229 827 2298 explicit.
866 2229 1069 2299 incipit
1104 2227 1360 2283 uitellius
1389 2230 1441 2283 G
1478 2237 1527 2284 et
1562 2231 1675 2296 fere
1709 2231 1770 2300 Q,
1809 2232 1906 2300 qui
1941 2231 2071 2284 add.
2111 2228 2354 2284 feliciter
2423 2222 2429 2231 ”
2471 2231 2704 2299 explicit
2763 2245 2766 2250 ·

406 2307 505 2364 lib.
534 2307 677 2363 Vm.
751 2309 954 2379 incipit
992 2310 1065 2364 de
1099 2307 1317 2363 uitellio
1354 2309 1449 2363 lib.
1483 2309 1638 2363 VIIII
1675 2311 1774 2365 LS
1806 2311 1904 2379 (de
1935 2309 2154 2364 uitellio
2191 2327 2292 2366 om.
2323 2310 2384 2380 ὦ

1340 2901 1380 2906 ..ᾖ
1417 2901 1766 2908 ——-—--——————
