3259 5209
1053 437 1274 493 DIVVS
1311 438 1547 493 IVLIVS
1587 451 1717 501 [ου’.
1750 451 1925 501 sa—ne]
2556 434 2640 503 13

341 604 594 684 praeter
630 600 834 665 socias
880 622 954 665 ac
1001 602 1162 666 bene
1199 604 1460 667 meritas
1509 602 1804 667 ciuitates
1852 605 1917 667 in
1956 602 2327 686 prouinciae
2364 602 2638 667 formam

339 707 606 793 redegit,
641 708 827 792 eique
867 697 1020 783 {36¹
1063 708 1131 771 in
1159 708 1449 793 singulos
1479 730 1683 773 annos
1713 709 2019 793 stipendii
2046 710 2306 773 nomine
2336 709 2640 793 inposuit.

343 813 728 899 Germanos,
783 817 896 899 qui
951 820 1129 880 trans
1175 815 1473 880 Rhenum
1533 815 1851 900 incolunt,
1905 816 2153 901 primus
2199 815 2639 881 Romanorum
2678 831 2710 879 2

341 925 540 1006 ponte
585 921 898 987 fabricato
947 923 1286 1007 adgressus
1328 923 1625 987 maximis
1666 922 1903 987 adfecit
1941 922 2257 1007 cladibus3
2304 922 2641 1007 adgressus

286 1050 314 1089 5
345 1032 444 1093 est
479 1034 544 1091 et
571 1027 916 1093 Britannos
954 1029 1214 1115 ignotos
1251 1033 1438 1093 antea
1475 1030 1919 1113 superatisque
1950 1030 2257 1112 pecunias
2285 1032 2349 1092 et
2388 1028 2643 1091 obsides

343 1136 712 1219 imperauit3
758 1157 875 1219 per
911 1139 1012 1199 tot
1057 1156 1388 1200 successus
1433 1140 1533 1199 ter
1575 1156 1695 1200 nec
1730 1134 2007 1219 amplius
2046 1135 2384 1199 aduersum
2424 1156 2643 1201 casum

347 1246 672 1326 expertus:
727 1241 796 1304 in
841 1242 1178 1307 Britannia
1223 1243 1424 1307 classe
1470 1244 1537 1306 ui
1591 1244 1995 1326 tempestatis
2049 1264 2251 1327 prope
2304 1241 2647 1324 absumpta

347 1351 410 1411 et
469 1347 538 1411 in
586 1344 793 1411 Gallia
852 1347 931 1411 ad
988 1346 1374 1433 Gergouiam
1427 1349 1684 1434 legione
1738 1347 1883 1413 fusa
1937 1354 2001 1413 et
2057 1350 2123 1412 in
2180 1346 2642 1413 Germanorum

345 1452 582 1518 finibus
629 1453 880 1519 Titurio
929 1458 994 1518 et
1040 1453 1478 1519 Aurunculeio
1523 1454 1756 1541 legatis
1802 1477 1917 1540 per
1964 1454 2227 1519 insidias
2276 1456 2491 1520 caesis.

263 1582 320 1621 10
523 1560 770 1625 Eodem
817 1561 1126 1646 temporis
1165 1562 1377 1645 spatio
1414 1566 1684 1627 matrem
1722 1564 1951 1645 primo,
1998 1562 2225 1626 deinde
2262 1562 2481 1645 filiam,
2526 1582 2646 1625 nec
2660 1558 2750 1624 26

347 1669 554 1731 multo
584 1671 734 1750 post
761 1672 1058 1750 nepotem
1091 1668 1323 1731 amisit.
1387 1670 1554 1731 inter
1583 1690 1764 1753 quae,
1802 1672 2207 1733 consternata
2234 1667 2427 1732 Publi
2460 1666 2644 1731 Clodi

347 1773 539 1838 caede
583 1796 652 1838 re
697 1774 983 1858 publica,
1029 1795 1174 1837 cum
1224 1778 1480 1839 senatus
1517 1798 1720 1839 unum
1760 1775 2087 1840 consulem
2133 1774 2646 1858 nominatimque

351 1877 635 1944 Gnaeum
692 1879 1070 1963 Pompeium
1119 1882 1260 1945 fieri
1310 1882 1681 1965 censuisset,
1726 1884 1860 1967 egit
1916 1904 2061 1947 cum
2116 1882 2393 1946 tribunis
2438 1881 2646 1965 plebis

351 1987 663 2072 collegam
713 2008 780 2051 se
817 1987 1126 2072 Pompeio
1167 1987 1654 2072 destinantibus,
1702 1988 1766 2053 id
1802 1990 2021 2072 potius
2057 1988 2139 2052 ad
2174 1989 2487 2071 populum
2524 1988 2646 2051 fer—

266 2112 322 2155 1⁵
349 2096 512 2176 rent,
531 2096 605 2157 ut
632 2094 882 2159 absenti
910 2093 1054 2177 sibi,
1083 2094 1465 2178 quandoque
1489 2096 1745 2178 imperii
1772 2100 2025 2179 tempus
2050 2096 2291 2179 expleri
2316 2095 2645 2177 coepisset,

350 2200 580 2285 petitio
630 2201 892 2265 secundi
949 2202 1317 2265 consulatus
1366 2201 1651 2284 daretur,
1708 2223 1789 2265 ne
1836 2223 1910 2265 ea
1970 2223 2162 2265 causa
2219 2203 2537 2266 maturius
2583 2205 2647 2265 et

351 2307 704 2390 inperfecto
745 2306 952 2371 adhuc
988 2306 1158 2371 bello
1198 2306 1542 2371 decederet.
1618 2308 1790 2392 quod
1826 2312 1901 2371 ut
1938 2308 2207 2392 adeptus
2246 2312 2369 2391 est,
2416 2308 2649 2372 altiora
2685 2320 2717 2367 2

351 2414 478 2477 iam
509 2412 826 2477 meditans
857 2411 1015 2497 [s]et
1043 2413 1178 2497 spei
1208 2413 1434 2497 plenus
1465 2414 1717 2479 nuHum
1750 2414 2115 2499 largitionis
2144 2419 2257 2479 aut
2286 2415 2648 2480 officiorum

352 2520 418 2584 in
458 2541 846 2604 quemquam
882 2541 1088 2605 genus
1115 2520 1370 2604 publice
1399 2520 1836 2605 priuatimque
1864 2520 2101 2586 omisit.
2170 2522 2383 2587 forum
2414 2521 2491 2584 de
2520 2544 2647 2585 ma-

271 2646 326 2685 so
351 2626 571 2691 nubiis
616 2625 972 2709 incohauit,
1020 2626 1201 2691 cuius
1248 2648 1394 2691 area
1437 2649 1632 2710 super
1674 2628 2043 2692 sestertium
2080 2627 2289 2692 milies
2337 2627 2649 2693 constitit.

353 2754 589 2797 munus
645 2734 886 2817 populo
946 2734 1335 2819 epulumque
1393 2735 1842 2817 pronuntiauit
1904 2733 1972 2797 in
2026 2735 2199 2799 filiae
2254 2735 2650 2817 memoriam,

357 2840 530 2923 quod
583 2844 732 2903 ante
785 2862 932 2905 eum
987 2861 1197 2904 nem0.
1270 2862 1545 2923 quorum
1591 2846 1667 2904 ut
1725 2863 1917 2924 quam
1964 2842 2246 2905 maxima
2292 2840 2649 2924 expectatio

499 3038 530 3085 2
570 3032 806 3101 Eutrop.
849 3034 937 3087 VI
957 3038 1046 3100 17,
1075 3037 1110 3087 3
1157 3031 1379 3087 Galliae
1419 3074 1430 3085 .
1463 3075 1475 3087 .
1509 3074 1519 3086 .
1557 3032 1761 3087 tributi
1796 3034 2022 3088 nomine
2061 3050 2309 3087 annuum
2346 3032 2651 3101 imperauit

356 3112 676 3167 sestertium
715 3112 1082 3181 (stipendium
1112 3112 1393 3178 Duncker,
1431 3112 1778 3181 stipendium
1816 3116 1944 3168 sest.
1977 3114 2148 3183 Ram)
2185 3112 2649 3183 quadringenties

355 3190 622 3263 (ἐπέθηκε
661 3234 672 3246 .
705 3235 717 3247 .
751 3234 762 3246 .
802 3190 985 3261 φόρον
1023 3194 1326 3261 Paeanius)
1473 3198 1503 3245 3
1542 3192 1677 3247 ibid.
1726 3191 2145 3263 Germanosque
2189 3196 2346 3248 trans
2392 3193 2651 3246 Rhenum

356 3273 659 3341 adgressus
695 3271 1117 3326 immanissimis
1147 3272 1378 3341 proeliis
1414 3272 1571 3326 uicit.
1720 3279 1754 3326 4
1791 3273 1923 3328 ibid.
1954 3272 2243 3327 Britannis
2272 3290 2403 3327 mox
2438 3272 2651 3326 bellum

355 3351 571 3420 intulit,
599 3350 804 3422 quibus
845 3354 978 3407 ante
1015 3368 1143 3406 eum
1179 3368 1252 3406 ne
1289 3368 1491 3406 nomen
1519 3352 1750 3422 quidem
1777 3354 2155 3408 Romanorum
2184 3354 2473 3421 cognitum
2511 3354 2647 3407 erat.

357 3448 566 3500 eosque
615 3434 730 3501 (eos
782 3448 1005 3501 quoque
1056 3440 1106 3487 et
1156 3434 1212 3486 et
1263 3448 1357 3485 eos
1409 3449 1632 3501 quoque
1678 3434 1749 3487 al.
1789 3435 1964 3501 codd.)
2012 3434 2193 3487 uictos
2231 3433 2522 3487 obsidibus
2561 3449 2652 3486 ac-

358 3512 538 3582 ceptis
569 3511 968 3582 stipendiarios
995 3512 1147 3566 fecit.
1296 3518 1327 3564 6
1365 3512 1497 3566 ibid.
1537 3512 1687 3566 inter
1712 3515 1799 3567 tot
1827 3530 2115 3568 successus
2143 3516 2229 3567 ter
2257 3513 2406 3567 male
2432 3528 2653 3583 pugna-

356 3593 462 3659 uit,
510 3592 664 3662 apud
708 3592 988 3645 Aruernos
1036 3590 1208 3646 semel
1252 3607 1518 3661 praesens
1565 3595 1623 3645 et
1662 3592 1865 3647 absens
1902 3594 1964 3647 in
2000 3593 2305 3647 Germania
2341 3592 2445 3647 bis.
2520 3608 2653 3645 nam

357 3672 538 3742 legati
574 3671 694 3726 eius
743 3671 880 3740 duo,
932 3671 1182 3725 Titurius
1221 3674 1279 3725 et
1313 3672 1751 3737 Aurunculeius,
1807 3688 1907 3741 per
1941 3673 2180 3726 insidias
2227 3673 2378 3727 caesi
2415 3676 2561 3726 sunt.

361 3757 427 3807 13
473 3752 550 3806 id.
593 3754 672 3807 Vl
699 3757 790 3818 19,
816 3756 856 3805 2
899 3750 1122 3804 rediens
1170 3768 1237 3804 ex
1275 3751 1464 3805 Gallia.
1500 3751 1683 3805 uictor
1730 3752 1915 3822 coepit
1967 3770 2198 3821 poscere
2244 3753 2485 3807 alterum
2524 3769 2653 3805 con-

359 3831 608 3886 sulatum
643 3836 817 3899 atque
853 3830 936 3885 ita
963 3834 1028 3885 ut
1065 3830 1185 3885 sine
1215 3831 1505 3886 dubietate
1534 3831 1729 3898 aliqua.
1758 3832 1810 3884 ei
1849 3832 2174 3886 deferretur.
2241 3832 2654 3886 contradictum

360 3914 448 3967 est
484 3928 520 3965 a
555 3910 822 3965 Marcello
860 3910 1089 3965 consule
1125 3912 1216 3981 (cf.
1254 3929 1372 3983 cap.
1401 3914 1514 3981 28).
1596 3912 1745 3966 Oros.
1790 3913 1874 3965 VI
1899 3917 1983 3978 15,
2008 3919 2037 3966 1

505 4085 534 4133 1
583 4080 764 4135 socias
801 4080 875 4134 Γ
890 4080 1042 4147 Π’ρ,
1098 4080 1278 4135 socios
1318 4081 1393 4133 M
1402 4080 1550 4133 GT&
1693 4086 1724 4132 2
1771 4098 2057 4135 numerum
2101 4084 2249 4135 solus
2296 4083 2545 4135 seruauit
2592 4083 2655 4147 V,

353 4177 564 4227 ‘rasura
601 4164 637 4213 6
669 4162 784 4227 fere
820 4162 1126 4215 litterarum
1161 4163 1225 4214 in
1256 4161 1331 4215 M
1364 4160 1845 4230 (quadringenties
1884 4163 2161 4230 Eutrop.)‚
2200 4162 2365 4230 eique
2403 4162 2461 4214 in
2499 4161 2651 4215 codd.

360 4240 454 4294 rel.
487 4241 690 4295 lacuna
725 4258 840 4295 mm
865 4241 1116 4295 indicata
1155 4242 1241 4309 (cf.
1270 4240 1460 4294 Herm.
1491 4244 1564 4293 40
1590 4258 1651 4309 p.
1685 4242 1813 4310 187)
1958 4242 2187 4295 nomina
2214 4245 2273 4294 X
2276 4243 2337 4307 ὃ,
2373 4257 2575 4294 nomen
2612 4243 2660 4293 Τ

362 4326 394 4375 ὅ
416 4323 550 4374 ante
572 4320 624 4375 G
750 4326 782 4373 6
801 4321 926 4392 per]
947 4322 1095 4375 inter
1109 4322 1344 4389 Eutrop.
1476 4325 1505 4372 7
1528 4322 1614 4372 est
1632 4327 1759 4389 post
1788 4323 2048 4389 expertus
2076 4339 2145 4375 83.
2171 4324 2243 4375 M
2246 4320 2266 4351 ²
2394 4326 2457 4373 11
2481 4321 2655 4374 inter·

361 4400 553 4468 imque
571 4402 695 4456 HR
823 4406 890 4454 15
920 4400 1388 4469 quandocumque
1406 4400 1504 4467 L’,
1542 4402 1600 4453 et
1618 4400 1845 4469 quando
1866 4404 1948 4466 Π,
1987 4401 2212 4467 quando
2236 4400 2317 4469 Qs
2460 4406 2522 4454 16
2553 4416 2656 4453 nec

363 4496 432 4533 ea
458 4481 734 4535 maturius
763 4496 935 4535 causa
959 4481 1010 4535 G
1146 4486 1210 4534 17
1239 4484 1306 4534 ut
1331 4498 1433 4535 om.
1458 4480 1510 4533 G
1650 4486 1714 4533 18
1754 4482 1811 4533 et
1844 4480 1970 4549 ῼρε
1998 4482 2205 4547 aliique
2231 4497 2281 4547 ς,
2320 4480 2419 4534 sed
2446 4481 2539 4535 rel.
2562 4482 2653 4549 (Ω)

364 4566 430 4613 22
470 4560 716 4614 maxima
749 4560 872 4627 Ge,
909 4560 1152 4614 maxime
1185 4563 1259 4633 (-e
1289 4562 1361 4630 L)
1397 4561 1492 4614 rel.
1523 4561 1637 4628 (Ω),
1683 4561 1813 4613 inde
1851 4576 1977 4613 cum
2004 4560 2251 4614 maxime
2279 4560 2514 4630 Bentley
