3259 5209
631 438 762 504 288
1331 439 1387 494 C.
1428 438 1744 496 SVETONI
1781 439 2227 506 TRANQVILLI

636 601 856 686 multi,
909 602 1081 669 haud
1137 601 1333 668 dubia
1385 603 1621 670 fiducia
1679 605 1748 670 in
1803 604 1945 688 ipso
2000 606 2270 691 negotio
2326 603 2531 689 pluris
2589 602 2946 668 adfuturos.

551 708 599 772 6
632 708 872 773 tulerat
918 707 1172 774 animus
1208 714 1360 793 post
1406 709 1819 794 adoptionem
1855 713 2074 778 statim
2121 716 2331 778 castra
2367 732 2679 793 occupare
2717 730 2947 773 cenan-

566 1258 597 1305 2

581 3157 618 3222 7

636 819 895 900 temque
942 815 1011 882 in
1057 815 1307 883 Palatio
1358 814 1630 884 Galbam
1677 817 1958 904 adgredi,
2005 819 2115 884 sed
2165 819 2423 886 obstitit
2467 821 2796 902 respectus
2841 837 2946 879 co-

633 922 859 1008 hortis,
906 943 1069 1006 quae
1106 928 1261 990 tunc
1298 923 1684 1009 excubabat,
1717 947 1798 990 ne
1837 930 2213 992 oneraret-ur
2253 924 2520 1008 inuidia,
2566 923 2744 1007 quod
2779 922 2947 988 eius-

637 1027 783 1094 dem
814 1031 1090 1096 statione
1120 1032 1184 1095 et
1214 1029 1413 1096 Gaius
1452 1030 1663 1096 fuerat
1691 1033 1937 1098 occisus
1975 1037 2041 1097 et
2068 1032 2361 1099 desertus
2388 1029 2584 1096 Nero.
2658 1029 2946 1095 medium
3009 1057 3038 1092 ε,

637 1157 895 1219 quoque
942 1142 1199 1224 tempus
1246 1136 1477 1226 religio
1523 1142 1587 1202 et
1637 1137 1940 1220 Seleucus
1987 1141 2240 1206 exemit.

814 1242 991 1330 Ergo
1054 1243 1375 1310 destinata
1433 1244 1539 1310 die
1592 1246 2012 1329 praemonitis
2065 1245 2369 1329 consciis,
2429 1248 2504 1309 ut
2555 1265 2624 1310 se
2683 1243 2754 1308 in
2799 1243 2946 1308 foro

641 1349 761 1413 sub
820 1349 972 1414 aede
1030 1348 1291 1416 Saturni
1352 1349 1432 1413 ad
1490 1351 1840 1416 miliarium
1901 1373 2165 1418 aureum
2223 1350 2699 1436 opperirentur,
2757 1371 2946 1414 mane

643 1453 912 1520 Galbam
960 1454 1294 1540 salutauit,
1357 1461 1557 1542 utque
1604 1462 2028 1524 consueuerat
2083 1457 2304 1524 osculo
2357 1461 2691 1540 exceptus,
2747 1457 2944 1522 etiam

642 1563 1026 1630 sacrificanti
1080 1563 1373 1630 interfuit
1436 1563 1817 1648 audiuitque
1879 1565 2204 1648 praedicta
2261 1564 2639 1648 haruspicis.
2715 1562 2946 1628 deinde

643 1668 875 1734 liberto
923 1670 1141 1736 adesse
1186 1669 1571 1737 architectos
1607 1672 1964 1755 nuntiante,
2011 1671 2186 1758 quod
2231 1672 2490 1758 signum
2534 1673 2947 1752 conuenerat,

642 1776 825 1859 quasi
880 1775 1173 1840 uenalem
1236 1777 1497 1842 domum
1557 1778 1960 1862 inspecturus
2017 1778 2324 1844 abscessit
2377 1777 2830 1862 proripuitque
2877 1798 2946 1839 se

642 1883 892 1965 postica
952 1887 1130 1966 parte
1181 1881 1393 1947 Palati
1452 1883 1530 1947 ad
1593 1885 2035 1950 constitutum.
2133 1885 2242 1950 alii
2301 1884 2542 1950 febrem
2607 1882 2946 1962 simulasse

646 1989 827 2054 aiunt
863 2011 1130 2073 eamque
1168 1991 1645 2054 excusationem
1684 1991 1993 2074 proximis
2033 1991 2385 2074 mandasse,
2423 1991 2477 2056 si
2517 1994 2945 2074 quaereretur.

644 2100 801 2159 tuuc
856 2095 1111 2160 abditus
1171 2117 1443 2179 propere
1502 2097 1801 2162 muliebri
1861 2097 2020 2162 sella
2079 2099 2146 2161 in
2213 2101 2420 2162 castra
2481 2097 2814 2163 contendit
2869 2118 2947 2162 ac

645 2203 1088 2269 deficientibus
1148 2203 1467 2268 lecticaris
1524 2223 1668 2268 cum
1727 2203 2156 2270 descendisset
2213 2225 2600 2288 cursumque
2651 2205 2947 2288 cepisset,

646 2309 854 2374 laxato
915 2311 1129 2376 calceo
1190 2311 1457 2393 restitit,
1524 2299 1726 2376 donec
1791 2313 2028 2376 omissa
2097 2333 2276 2376 mora
2335 2311 2722 2376 succollatus
2784 2315 2850 2375 et
2910 2333 2948 2374 a

645 2421 981 2498 praesente
1042 2415 1353 2481 comitatu
1408 2419 1760 2501 imperator
1821 2419 2260 2484 consalutatus
2314 2418 2483 2482 inter
2539 2417 2785 2482 faustas
2839 2417 2946 2481 ad-

648 2522 1063 2586 clamationes
1128 2524 1514 2608 strictosque
1575 2523 1824 2611 gladios
1884 2525 1963 2588 ad
2023 2526 2341 2608 principia
2399 2525 2688 2607 deuenit,
2747 2524 2944 2589 obuio

648 2650 904 2712 quoque
940 2651 1072 2694 non
1108 2629 1296 2694 aliter
1332 2653 1406 2696 ac
1445 2632 1499 2694 si
1538 2633 1832 2696 conscius
1879 2635 1945 2695 et
1981 2633 2298 2716 particeps
2338 2632 2506 2696 foret
2543 2631 2942 2697 adhaerente.

649 2734 739 2799 ibi
785 2735 1002 2801 missis
1041 2737 1153 2820 qui
1192 2735 1457 2802 Galbam
1496 2741 1561 2801 et
1598 2737 1898 2802 Pisonem
1937 2739 2346 2822 trucidarent,
2393 2738 2474 2802 ad
2511 2738 2944 2804 conciliandos

648 2843 1228 2926 pollicitationibus
1294 2844 1575 2908 militum
1651 2847 1900 2910 animos
1963 2845 2126 2909 nihil
2191 2847 2397 2930 magis
2461 2868 2579 2930 pro
2646 2847 2945 2910 contione

648 2953 921 3015 testatus
978 2955 1099 3033 est,
1161 2972 1352 3033 quam
1412 2951 1477 3014 id
1535 2951 1789 3015 demum
1853 2973 1918 3015 se
1973 2952 2374 3035 habiturum,
2430 2953 2602 3036 quod
2663 2952 2788 3016 sibi
2845 2951 2944 3016 illi

648 3057 1073 3141 reliquissent.

829 3162 997 3227 Dein
1034 3169 1337 3249 uergente
1385 3163 1513 3228 iam
1552 3164 1656 3228 die
1694 3165 2018 3251 ingressus
2047 3155 2348 3230 senatum
2385 3165 2724 3250 positaque
2761 3165 2945 3229 breui

651 3271 941 3336 oratione
989 3272 1175 3354 quasi
1233 3274 1455 3354 raptus
1512 3271 1589 3334 de
1651 3271 1912 3355 publico
1975 3278 2040 3336 et
2095 3273 2417 3357 suscipere
2477 3273 2818 3357 imperium
2877 3272 2946 3334 ui

651 3382 908 3441 coactus
983 3382 1411 3462 gesturusque
1494 3378 1818 3444 communi
1894 3380 2182 3444 omnium
2257 3378 2554 3462 arbitrio,
2623 3378 2945 3443 Palatium

650 3484 831 3566 petit.
916 3503 990 3547 ac
1027 3505 1217 3567 super
1254 3489 1495 3548 ceteras
1534 3486 1996 3570 gratulantium
2033 3486 2562 3570 adulantiumque
2599 3484 2944 3548 blanditias

796 3681 861 3727 26
900 3675 1135 3743 Eutrop.
1180 3677 1301 3731 V11
1324 3682 1412 3740 17,
1442 3684 1472 3730 1
1515 3676 1663 3731 Otho
1700 3679 1886 3732 occiso
1925 3679 2106 3733 Galba
2151 3678 2365 3732 inuasit
2409 3677 2712 3748 imperium
2751 3678 2944 3746 (Schol.

655 3757 783 3808 qu.
813 3759 867 3820 2,
897 3757 1007 3816 99).
1074 3757 1143 3821 cf.
1174 3757 1249 3808 ad
1279 3774 1337 3825 p.
1368 3761 1497 3822 289,
1529 3763 1595 3811 15

800 3930 825 3976 1
866 3923 979 3977 hau
1012 3927 1087 3980 M
1092 3925 1125 3990 ¹,
1164 3924 1305 3979 haut
1332 3927 1375 3981 S
1550 3926 1744 3996 pluros
1782 3928 2064 3982 adfuturis
2095 3930 2169 3983 M
2191 3931 2250 3997 (i.
2280 3928 2458 3998 pluris
2496 3927 2794 3984 adfuturos
2829 3945 2946 3981 mu-

653 4007 786 4059 tatis
821 4006 1317 4072 tmninatimaeibus,
1351 4008 1431 4060 sic
1468 4007 1662 4074 Roth),
1704 4007 1892 4076 plures
1930 4006 2204 4062 affuturos
2236 4009 2312 4077 G,
2351 4007 2652 4078 plurib(us)
2689 4005 2948 4062 affuturis

652 4085 777 4154 HQ,
815 4084 1005 4153 plures
1036 4084 1266 4140 affuturi
1294 4085 1437 4155 (adf—
1466 4088 1509 4141 S
1516 4086 1551 4155 ¹)
1583 4088 1705 4152 RK,
1744 4087 1931 4156 plures
1961 4088 2240 4144 adfuturis
2268 4091 2304 4142 δ
2413 4093 2446 4142 2
2473 4087 2708 4158 tulerat]
2738 4089 2860 4142 erat
2879 4092 2950 4152 X,

654 4165 837 4219 fuerat
868 4167 1045 4220 Ursin.
1070 4167 1159 4234 (cf.
1182 4167 1291 4220 Iul.
1313 4169 1407 4232 82)
1554 4167 1770 4221 animos
1793 4168 1955 4222 MGe
2099 4167 2294 4222 statim
2313 4186 2414 4224 om.
2439 4169 2514 4223 M
2618 4173 2650 4220 6
2671 4167 2948 4222 seleucius

655 4245 833 4315 (-tius)
863 4250 920 4299 X
1026 4251 1092 4299 10
1130 4246 1407 4314 superfuit
1436 4247 1666 4302 Ernesti
1774 4253 1842 4302 12
1878 4248 2199 4304 iuuentlem
2236 4253 2356 4317 (om.
2388 4249 2636 4316 domum)
2670 4251 2720 4301 Τ
2821 4265 2949 4317 pto-

652 4325 899 4392 ripuitG
995 4332 1057 4379 16
1082 4326 1484 4382 deficientisM
1569 4326 1850 4382 lecticaris
1869 4328 2406 4396 Roth‚lecticaribus
2428 4329 2587 4398 (·rib;
2611 4329 2736 4396 GT)
2753 4327 2947 4393 MGT,

654 4403 957 4459 lecticariis
988 4409 1046 4460 X
1147 4413 1215 4460 23
1252 4405 1362 4476 illi]
1400 4406 1513 4476 ipsi
1548 4410 1596 4460 Τ
1700 4413 1767 4462 26
1807 4408 2060 4463 oratione
2089 4411 2187 4476 qui
2217 4415 2442 4463 tuentur
2465 4410 2713 4464 scr-ibunt
2737 4407 2950 4477 posito-

654 4501 765 4551 que
798 4487 865 4540 G.
886 4487 961 4540 Η.
980 4487 1236 4552 Walther,
1274 4487 1714 4556 perfunctusque
1750 4491 1840 4542 uel
1875 4490 2272 4558 professusque
2299 4490 2548 4559 Bentley,
2584 4489 2948 4558 expositoque

657 4565 869 4630 Bur-m„
908 4565 1128 4620 ratione
1164 4583 1288 4620 cum
1326 4569 1563 4622 Era-§mo
1598 4569 1842 4638 plerique
1879 4572 1959 4638 (at
1993 4570 2396 4638 propositaque
2431 4569 2646 4624 mauult
2689 4568 2850 4634 osui.)

2981 1589 3039 1628 10

2979 2123 3034 2162 15

2975 3189 3030 3229 85
