3259 5209
1118 389 1495 446 VITELLIVS
1532 401 1666 452 [m.
1695 403 1872 453 14-101
2507 389 2640 456 303

342 553 727 640 Vespasiani
770 554 971 619 fratre
1006 554 1283 642 pepigit3
1328 554 1680 640 statimque
1717 577 1838 640 pro
1874 553 2184 642 gradibus
2219 553 2431 619 Palati
2467 553 2639 639 apud

342 659 716 746 frequentes
768 661 1009 726 milites
1064 661 1284 726 cedere
1339 683 1407 726 se
1459 660 1734 746 imperio
1783 661 1958 745 quod
2004 661 2252 726 inuitus
2295 661 2642 746 recepisset

344 768 689 852 professus,
744 769 993 834 cunctis
1046 767 1546 834 reclamantibus
1603 789 1742 833 rem
1797 767 2048 834 distulit
2093 789 2166 832 ac
2211 773 2402 832 nocte
2445 767 2640 833 inter-

342 875 557 960 posita
592 874 809 960 primo
846 875 1127 940 diluculo
1166 874 1532 940 sordidatus
1570 875 1898 940 descendit
1935 875 2020 940 ad
2053 879 2264 939 rostra
2291 874 2640 959 multisque

292 1005 317 1046 ι
345 1003 493 1047 cum
536 981 821 1048 lacrimis
866 983 1087 1048 eadem
1133 981 1263 1066 illa,
1306 1003 1537 1046 uerum
1584 1005 1621 1045 e
1666 980 1889 1046 libello
1927 985 2201 1046 testatus
2229 986 2346 1046 est.
2419 1003 2640 1046 rursus
2679 997 2714 1046 3

346 1087 799 1172 interpellante
834 1089 1042 1154 milite
1078 1111 1154 1153 ac
1188 1090 1433 1173 populo
1472 1093 1537 1153 et
1572 1109 1656 1153 ne
1693 1087 1994 1154 deficeret
2027 1087 2330 1154 hortante
2359 1109 2640 1154 omnem-

348 1217 475 1279 que
546 1216 809 1280 operam
882 1217 1063 1260 suam
1137 1196 1430 1261 certatim
1493 1195 1866 1280 pollicente,
1945 1195 2230 1260 animum
2295 1194 2643 1279 resumpsit

348 1301 789 1386 Sabinumque
862 1306 926 1366 et
984 1302 1271 1388 reliquos
1337 1301 1681 1367 Flauianos
1743 1301 1910 1368 nihil
1975 1302 2104 1366 iam
2163 1303 2512 1368 metuentis
2575 1303 2642 1366 ui

346 1407 563 1473 subita
607 1408 674 1474 in
722 1407 1116 1494 Capitolium
1161 1409 1477 1495 compulit
1520 1429 1958 1494 succensoque
2003 1410 2248 1494 templo
2292 1407 2470 1475 Iouis
2517 1407 2644 1495 Op-

266 1539 320 1579 ιο
346 1515 492 1580 timi
536 1514 808 1580 Maximi
854 1517 1200 1600 oppressit,
1248 1537 1395 1580 cum
1441 1521 1506 1582 et
1550 1517 1871 1601 proelium
1908 1519 1974 1580 et
2001 1515 2368 1581 incendium
2395 1537 2430 1580 e
2457 1514 2646 1580 Tibe-

346 1621 527 1686 riana
564 1622 959 1707 prospiceret
989 1621 1181 1688 domo
1210 1624 1379 1687 inter
1407 1624 1644 1706 epulas.
1708 1641 1841 1688 non
1879 1621 2085 1688 multo
2122 1627 2274 1708 post
2310 1625 2643 1710 paenitens

346 1727 503 1793 facti
562 1733 627 1793 et
685 1729 755 1793 in
814 1728 975 1793 alios
1035 1729 1291 1814 culpam
1356 1728 1692 1794 conferens
1752 1734 1984 1794 uocata
2044 1732 2344 1796 contione
2405 1732 2645 1795 iurauit

348 1835 691 1922 coegitque
736 1835 949 1900 iurare
994 1842 1059 1901 et
1104 1841 1351 1901 ceteros
1394 1835 1560 1900 nibil
1596 1835 1724 1900 sibi
1765 1835 2094 1920 antiquius
2132 1839 2348 1922 quiete
2384 1837 2647 1923 publica

346 1942 503 2006 fore.
576 1947 733 2007 tunc
767 1941 1053 2008 solutum
1089 1965 1128 2006 a
1164 1943 1363 2008 latere
1400 1943 1753 2029 pugionem
1792 1943 2043 2008 consuli
2078 1945 2379 2029 primum,
2417 1943 2644 2008 deinde
2681 1958 2716 2005 4

268 2071 321 2113 ιι
350 2048 464 2113 illo
502 2054 837 2114 recusante
871 2049 1357 2135 magistratibus
1392 2070 1471 2114 ac
1506 2071 1658 2114 mox
1696 2049 2104 2115 senatoribus
2141 2050 2416 2137 singulis
2444 2051 2647 2135 porri-

348 2175 525 2242 gens,
584 2156 765 2220 nullo
824 2156 1199 2241 recipiente,
1262 2156 1448 2239 quasi
1514 2157 1583 2220 in
1643 2155 1796 2220 aede
1857 2153 2254 2222 Concordiae
2314 2156 2648 2241 positurus

349 2261 676 2328 abscessit.
741 2262 851 2327 sed
882 2262 1265 2346 quibusdam
1296 2262 1805 2327 adclamantibus
1839 2263 2088 2348 ipsum
2127 2285 2294 2329 esse
2323 2263 2647 2328 Concor-

350 2368 574 2452 diam,
628 2368 821 2434 rediit
866 2391 985 2434 nec
1029 2368 1239 2434 solum
1287 2371 1565 2433 retinere
1612 2391 1678 2433 se
1725 2369 1969 2435 ferrum
2007 2369 2375 2454 affirmauit,
2421 2393 2648 2436 uerum
2716 2415 2722 2422 ·

350 2475 545 2540 etiam
608 2473 1001 2541 Concordiae
1058 2476 1341 2559 recipere
1402 2497 1792 2562 cognomen3
1853 2477 2184 2560 suasitque
2245 2479 2514 2562 senatui,
2575 2483 2648 2542 ut
2666 2470 2756 2538 16

270 2604 322 2645 ae
348 2583 599 2668 legatos
646 2603 790 2648 cum
835 2582 1202 2670 uirginibus
1250 2583 1626 2648 Vestalibus
1673 2583 2008 2648 mitterent
2053 2606 2272 2666 pacem
2322 2589 2434 2649 aut
2479 2589 2650 2649 certe

348 2693 603 2774 tempus
649 2689 726 2753 ad
776 2689 1269 2755 consultandum
1315 2691 1658 2774 petituros

527 2793 845 2861 Postridie
890 2817 1199 2880 responsa
1246 2797 1610 2882 opperienti
1657 2797 2030 2862 nuntiatum
2068 2800 2169 2861 est
2206 2818 2323 2883 per
2359 2796 2647 2881 explora-

492 2950 526 2999 8
550 2944 1027 3014 Eutrop.V1118,
1046 2949 1081 2999 4
1108 2945 1405 3000 interfecto
1435 2945 1591 3014 prius
1620 2945 1680 2999 in
1707 2944 1846 2998 urbe
1869 2944 2093 3012 Sabino,
2113 2945 2446 3016 Vespasiani
2473 2945 2648 3014 impe·

350 3025 551 3078 ratoris
577 3023 769 3092 fratre,
806 3041 976 3093 quem
1002 3041 1129 3079 cum
1158 3024 1437 3094 Capitolio
1465 3024 1735 3079 incendit.
1823 3026 2006 3082 Victor
2035 3027 2184 3081 Caes,
2216 3030 2272 3092 8,
2301 3030 2334 3080 5
2374 3024 2472 3079 sed
2499 3028 2650 3094 post·

353 3121 521 3172 quam
557 3121 687 3158 mox
734 3105 1178 3160 circumuentum
1230 3121 1289 3159 se
1334 3105 1533 3160 nuntio
1578 3107 1739 3160 ratus
1786 3107 1899 3172 est,
1946 3104 2109 3173 quasi
2158 3107 2430 3160 renouato
2467 3103 2653 3158 furore

352 3183 539 3254 ipsum
575 3187 899 3254 ceterosque
929 3186 1197 3239 aduersae
1234 3185 1415 3255 partis
1452 3202 1583 3240 cum
1610 3185 1908 3255 Capitolio,
1946 3186 2096 3254 quod
2135 3185 2308 3240 saluti
2343 3184 2654 3240 remedium

353 3266 639 3333 ceperant,
688 3265 974 3319 cremauit.
1050 3266 1204 3334 Epit.
1232 3270 1284 3332 8,
1315 3269 1349 3319 4
1386 3282 1489 3335 per
1524 3265 1702 3320 scalas
1743 3265 2040 3320 Gemonias
2073 3309 2083 3319 .
2115 3307 2128 3320 .
2160 3308 2201 3332 .‚
2236 3265 2339 3320 ubi
2385 3264 2654 3318 Sabinum

354 3343 685 3414 Vespasiani
720 3343 953 3399 fratrem
979 3346 1167 3400 necari
1195 3345 1540 3415 permiserat.
1620 3346 1772 3401 Oros·
1813 3345 1938 3402 VII
1954 3351 2008 3412 8,
2037 3350 2072 3400 7
2097 3347 2226 3422 post
2254 3363 2288 3400 a
2316 3344 2654 3415 quibusdam

355 3425 635 3478 animatus
684 3423 975 3493 Sabinum,
1023 3425 1357 3496 Vespasiani
1411 3425 1671 3492 fratrem,
1717 3425 1861 3480 nihil
1905 3427 2029 3481 tum
2073 3425 2210 3480 mali
2257 3426 2655 3496 suspicantem,

354 3519 482 3558 cum
527 3503 728 3558 ceteris
774 3504 1059 3560 Flauianis
1106 3505 1166 3559 in
1205 3503 1546 3576 Capitolium
1594 3505 1869 3575 compulit
1925 3521 2302 3576 succensoque
2346 3505 2560 3574 templo
2599 3507 2657 3559 et

351 3585 529 3638 mixta
578 3584 747 3639 simul
794 3583 1021 3639 flamma
1069 3586 1344 3654 ruinaque
1405 3602 1597 3640 omnes
1649 3585 1708 3639 in
1759 3603 1936 3642 unum
1985 3587 2199 3656 pariter
2247 3585 2541 3640 interitum
2591 3601 2656 3639 ac

352 3664 633 3718 tumulum
670 3664 843 3718 dedit.
990 3671 1057 3720 22
1080 3683 1199 3735 sqq.
1242 3667 1423 3722 Victor
1453 3667 1600 3722 Caes.
1633 3671 1690 3732 8,
1719 3671 1756 3720 6
1793 3669 1882 3720 ast
1925 3665 2025 3720 ubi
2071 3683 2207 3721 uera
2256 3683 2378 3723 esse
2419 3681 2486 3720 ac
2529 3683 2658 3736 pro-

351 3745 629 3815 pinquare
664 3745 853 3799 hostes
890 3745 1237 3816 patefactum
1276 3747 1379 3813 est,
1414 3747 1723 3816 productus
1752 3761 1783 3799 e
1821 3746 2066 3815 tuguri0‚
2105 3763 2216 3816 quo
2253 3763 2314 3802 se
2342 3746 2657 3812 abdiderat,

353 3825 611 3880 ianitoris
644 3824 855 3880 iniecto
891 3825 1094 3893 laqueo
1130 3827 1537 3895 parricidarum
1582 3841 1738 3880 more
1774 3825 1848 3879 ad
1893 3824 2075 3880 scalas
2113 3825 2412 3881 Gemonias
2448 3842 2660 3896 perque

354 3921 449 3960 eas
485 3907 829 3974 pertractum
867 3905 1036 3960 simul
1073 3907 1297 3973 ictibus,
1336 3909 1623 3980 quantumv
1647 3905 1887 3976 quisque
1924 3904 2207 3972 uulnerat,
2245 3907 2501 3960 confosso
2541 3922 2658 3961 cor-

354 4001 489 4054 pore
538 3986 598 4038 in
634 3985 885 4040 Tiberim
930 3986 1185 4040 deicitur.
1260 3989 1414 4056 Epic.
1446 3992 1503 4055 8,
1532 3991 1567 4042 3
1585 4003 1695 4057 sqq.
1735 4002 1766 4041 e
1803 3985 2052 4053 Palatio,
2101 4002 2212 4054 quo
2264 4003 2324 4041 se
2361 3985 2659 4041 abdiderat

353 4063 639 4132 Vitellius,
674 4066 883 4120 uinctis
921 4083 955 4120 a
989 4069 1149 4138 tergo
1189 4065 1449 4121 manibus
1500 4067 1808 4135 productus
1855 4065 2293 4120 circumducitur
2329 4066 2402 4120 ad
2439 4067 2659 4136 specta-

498 4213 530 4262 8
567 4209 655 4263 est
690 4215 818 4264 ante
852 4207 1136 4278 professus
1176 4207 1464 4279 (professis
1504 4209 1630 4277 M1)
1670 4208 1799 4263 add.
1844 4209 1895 4264 G
2115 4207 2552 4262 reclamantibus
2589 4208 2658 4263 Se

354 4290 440 4358 (in
468 4289 569 4344 hoc
592 4305 663 4344 ss.
690 4286 723 4341 l
760 4288 1225 4360 declamantibus)
1263 4291 1469 4358 aliique
1496 4307 1531 4348 ς
1556 4289 1929 4358 (Beroaldus),
1960 4288 2405 4344 declamantibus
2441 4289 2534 4344 rel.
2566 4289 2658 4358 (a)

355 4373 387 4421 ὅ
415 4367 559 4422 uilla
590 4368 643 4423 G
785 4374 819 4422 8
856 4369 916 4422 ui
944 4369 1174 4423 subdita
1205 4370 1275 4436 G,
1311 4369 1400 4422 sui
1436 4368 1517 4438 (ui
1546 4367 1602 4434 S,
1643 4368 1702 4422 in
1737 4369 1812 4437 T)
1843 4368 2032 4424 subito
2061 4373 2120 4422 X
2260 4373 2325 4423 10
2363 4369 2658 4439 oppressit.

356 4465 485 4502 cum
520 4489 535 4504 .
576 4491 587 4503 .
621 4489 633 4502 .
662 4449 874 4518 epulas,
911 4466 1023 4503 non
1060 4451 1229 4521 wulyo
1266 4450 1638 4520 ἀίειὺηρυαηῠ,
1675 4451 1879 4504 rectius
1906 4449 2240 4505 B.-Crusius
2276 4457 2326 4504 et
2357 4449 2592 4521 Madvig}

357 4529 411 4600 e]
450 4531 509 4583 et
548 4531 623 4584 M
762 4534 827 4583 13
866 4531 925 4582 et
960 4547 1061 4584 om.
1097 4530 1202 4585 Gr
1228 4531 1421 4601 (παῖς.)
