3259 5209
1016 448 1195 503 DIVV
1196 450 1232 503 S
1270 448 1650 505 AVGVSTVS
1689 460 1820 510 [cu.
1848 460 2024 511 εει-33]
2553 446 2634 513 71

344 613 674 697 ergastula
730 612 1139 697 recognonit,
1212 612 1485 699 collegia
1556 616 1814 697 praeter
1883 613 2150 696 antiqua
2221 616 2290 676 et
2348 610 2640 697 legitima

344 718 666 783 dissoluit.
748 718 1003 784 tabulas
1048 724 1339 808 ueterum
1386 720 1593 785 aerari
1640 719 2033 802 debitorum,
2079 718 2184 783 uel
2228 720 2638 804 praecipuam
2676 732 2708 781 2

346 826 779 889 calumniandi
828 827 1189 911 materiam,
1234 825 1599 912 ex[c]ussit3
1655 826 1800 891 loca
1853 826 1920 890 in
1975 825 2132 891 urbe
2175 825 2436 911 publica
2479 824 2637 891 iuris

344 931 639 1018 ambigui
685 933 1167 1016 possessoribus
1204 933 1623 1019 adiudicauit3
1671 932 2120 997 diuturnorum
2160 953 2416 997 reorum
2458 936 2524 997 et
2559 954 2638 996 ex

284 1062 313 1102 s
348 1059 627 1121 quorum
686 1038 985 1103 sordibus
1041 1039 1209 1105 nihil
1268 1038 1444 1105 aliud
1503 1061 1698 1125 quam
1757 1040 2059 1123 uoluptas
2117 1038 2396 1103 inimicis
2452 1060 2638 1123 quae-

344 1150 598 1211 reretur
659 1146 923 1209 nomina
986 1145 1273 1211 aboleuit
1337 1147 1712 1213 condicione
1770 1148 2130 1231 proposita,
2192 1150 2268 1209 ut
2331 1145 2385 1209 si
2447 1167 2638 1230 quem

348 1250 494 1335 quis
542 1255 828 1334 repetere
876 1251 1097 1336 uellet,
1142 1274 1261 1338 par
1305 1252 1660 1339 periculum
1705 1275 1949 1337 poenae
1995 1252 2258 1317 subiret.
2338 1273 2421 1315 ne
2465 1251 2636 1334 quod

344 1361 561 1421 autem
610 1357 995 1423 maleficium
1040 1362 1458 1445 negotiumue
1502 1361 1868 1444 inpunitate
1904 1358 2010 1424 uel
2045 1380 2228 1423 mora
2263 1356 2638 1440 elaberetur,

343 1466 619 1549 triginta
662 1465 941 1548 amplius
986 1466 1138 1549 dies,
1188 1468 1299 1551 qui
1342 1468 1682 1533 honoraris
1716 1467 1889 1531 ludis
1927 1465 2421 1550 occupabantur,
2465 1463 2638 1528 actui

250 1595 313 1635 10
342 1594 561 1635 rerum
608 1572 1133 1637 accommodauit.
1216 1573 1297 1637 ad
1344 1574 1461 1639 tris
1516 1574 1800 1639 iudicum
1856 1574 2146 1637 decurias
2191 1574 2486 1655 quartam
2533 1570 2638 1633 ad·
2677 1583 2710 1633 8

344 1678 514 1742 didit
560 1701 638 1742 ex
691 1678 996 1743 inferiore
1053 1701 1271 1763 censu,
1329 1702 1491 1765 quae
1547 1679 2034 1745 ducenariorum
2087 1682 2428 1744 uocaretur
2479 1677 2642 1743 iudi-

344 1790 647 1868 caretque
704 1783 781 1849 de
828 1784 1181 1850 leuioribus
1234 1790 1519 1852 summis„
1603 1786 1844 1851 iudices
1899 1810 1938 1851 a
1995 1786 2363 1851 tricensimo
2409 1786 2638 1849 aetatis

341 1914 517 1956 anno
572 1890 840 1977 adlegit,
904 1890 971 1954 id
1035 1897 1134 1956 est
1191 1893 1631 1977 quinquennio
1697 1894 2012 1957 maturius
2077 1914 2268 1975 quam
2329 1890 2638 1957 solebant.

346 2021 421 2062 ac
484 1998 809 2082 plerisque
872 1997 1195 2063 iudicandi
1266 2022 1499 2065 munus
1563 1998 2070 2063 detractantibus
2131 1998 2243 2061 uix
2307 1998 2639 2081 concessit,

254 2128 315 2168 ιο
344 2109 422 2169 ut
466 2104 739 2189 singulis
796 2104 1071 2169 decuriis
1124 2128 1240 2188 per
1293 2108 1466 2171 uices
1523 2126 1738 2170 annua
1794 2106 2043 2170 uacatio
2091 2109 2259 2169 esset
2312 2109 2376 2167 et
2422 2107 2496 2167 ut
2541 2126 2639 2168 so-

345 2212 501 2277 litae
548 2211 653 2297 agi
692 2208 1047 2275 Nouembri
1086 2234 1157 2275 ac
1194 2211 1535 2276 Decembri
1572 2233 1790 2277 mense
1824 2234 1926 2277 res
1965 2214 2431 2277 omitterentur.
2498 2213 2636 2294 ipse
2650 2204 2742 2271 33

344 2318 449 2383 ius
496 2317 663 2382 dixit
717 2318 971 2383 assidue
1027 2322 1091 2381 et
1141 2318 1210 2382 in
1263 2324 1519 2383 noctem
1564 2340 2077 2403 nonnumquam,
2129 2318 2184 2383 si
2229 2341 2457 2402 parum
2505 2340 2638 2381 cor-

344 2446 503 2509 pore
558 2424 826 2507 ualeret,
880 2424 1109 2489 lectica
1161 2447 1280 2508 pro
1339 2424 1648 2490 tribunali
1706 2426 2018 2491 collocata
2069 2426 2177 2490 uel
2222 2426 2412 2489 etiam
2463 2424 2639 2489 domi

346 2532 605 2596 cubans.
687 2530 854 2594 dixit
898 2534 1111 2594 autem
1160 2530 1261 2596 ius
1306 2553 1439 2595 non
1493 2531 1830 2617 diligentia
1874 2532 2066 2597 modo
2115 2554 2364 2597 summa
2418 2531 2531 2595 sed
2573 2536 2640 2595 et

254 2660 315 2701 so
344 2638 631 2721 lenitate,
676 2635 993 2721 siquidem
1031 2636 1355 2701 manifesti
1392 2637 1720 2720 parricidii
1756 2660 1956 2719 reum,
1999 2658 2080 2701 ne
2120 2636 2325 2701 culleo
2363 2637 2638 2703 insuere-

346 2749 473 2827 tur,
529 2744 700 2828 quod
744 2766 876 2809 non
918 2743 1047 2807 nisi
1094 2743 1367 2808 confessi
1416 2744 1808 2808 adficiuntur
1851 2744 1972 2809 hac
2017 2766 2249 2827 poena,
2295 2744 2389 2808 ita
2431 2744 2638 2810 fertur

346 2852 802 2936 interrogasse:
858 2856 1061 2915 certe
1117 2855 1408 2934 patrem
1460 2855 1668 2915 tuum
1715 2872 1862 2915 non
1910 2850 2316 2915 occidisti?
2381 2856 2444 2914 et
2492 2872 2636 2915 cum
2675 2863 2708 2911 2

346 2958 425 3021 de
470 2957 635 3022 falso
697 2960 1083 3022 testamento
1140 2961 1437 3042 ageretur
1494 2978 1841 3041 omnesque
1895 2957 2254 3043 signatores
2298 2956 2442 3042 lege
2488 2956 2638 3022 Cor-

344 3064 517 3129 nelia
564 3068 964 3145 tenerentur,
1020 3086 1151 3129 non
1211 3068 1463 3128 tantum
1522 3064 1681 3128 duas
1727 3064 2016 3147 tabellae,
2061 3064 2526 3129 damnatoriam
2572 3070 2638 3129 et

256 3192 317 3234 π
348 3170 829 3253 absolutoriam,
877 3169 1071 3235 simul
1108 3170 1646 3255 cognoscentibus
1685 3171 1876 3253 dedit,
1923 3172 2032 3236 sed
2071 3172 2326 3235 tertiam
2365 3194 2638 3255 quoque,

348 3301 475 3363 qua
529 3279 971 3363 ignosceretur
1024 3278 1131 3361 iis,
1191 3299 1353 3360 quos
1408 3278 1632 3342 fraude
1687 3278 1770 3342 ad
1822 3278 2206 3364 signandum
2262 3278 2367 3343 uel
2426 3300 2638 3343 errore

346 3386 642 3450 inductos
690 3384 1102 3449 constitisset.
1186 3382 1651 3468 appellationes
1690 3385 2034 3468 quotannis
2071 3384 2463 3449 urbanorum
2503 3386 2638 3469 qui·
2676 3395 2707 3443 3

489 3700 521 3746 2
561 3694 777 3747 aerario
801 3693 881 3759 G,
909 3691 975 3744 -ii
999 3694 1063 3757 Y,
1093 3708 1192 3745 om.
1216 3695 1273 3743 X
1400 3690 1646 3765 uel<ut>
1667 3693 1950 3747 &Becker
2075 3700 2106 3747 3
2138 3694 2350 3747 exussit
2379 3693 2636 3747 Beroald.

347 3774 567 3841 (ἔκαυσε
606 3774 721 3827 Dio
750 3776 917 3841 53‚2)
1064 3778 1095 3824 5
1133 3771 1348 3825 inimici
1380 3773 1434 3826 V
1562 3779 1592 3825 6
1635 3773 1882 3826 conditio
1917 3774 1968 3827 V
2096 3780 2126 3826 8
2167 3790 2318 3827 more
2354 3772 2639 3827 laberetur

348 3856 424 3908 M
432 3853 675 3919 VL¹PS‚
712 3868 869 3905 mora
896 3852 1017 3904 lab·
1038 3850 1177 3905 L²T
1315 3857 1347 3904 9
1384 3851 1673 3905 honoratis
1707 3856 1769 3917 T,
1807 3852 1929 3906 -riis
1953 3852 2172 3907 M²GX
2313 3859 2378 3906 10
2417 3853 2641 3906 addidit

344 3935 679 4002 Stephanus,
717 3932 938 3987 addixit
975 3934 1028 3985 Ω
1175 3938 1238 3985 11
1280 3933 1371 4003 ex]
1410 3936 1469 3985 et
1499 3933 1550 3986 V
1690 3939 1753 3985 12
1795 3934 1850 4004 a]
1891 3950 1958 3986 ac
1989 3936 2063 3988 M
2197 3934 2519 3986 tricensimo
2553 3936 2638 3999 M,

344 4014 629 4071 tricesimo
676 4012 835 4083 (trig-
876 4012 1009 4081 GQ)
1056 4012 1177 4077 rel„
1233 4012 1503 4065 uicesimo
1544 4014 1806 4068 Guiaeius
1854 4014 2068 4082 (Roth),
2123 4033 2245 4067 xxv.
2286 4014 2639 4082 &meli-burgh

349 4099 415 4148 13
453 4094 513 4146 id
551 4094 637 4147 est
657 4124 723 4133 —--
746 4092 1004 4147 solebant
1028 4092 1291 4161 alos-sema
1319 4098 1485 4161 putat
1518 4092 1657 4147 Oud.
1808 4100 1872 4147 14
1903 4097 1963 4147 at
1991 4111 2024 4153 ς
2063 4096 2223 4162 (pars
2249 4096 2368 4147 edd.
2399 4101 2447 4148 et
2473 4094 2636 4146 ,Han-

344 4175 494 4243 dius)
638 4171 1084 4227 detrectantibus
1126 4173 1302 4227 GXT
1344 4172 1589 4241 (detraec-
1630 4175 1704 4242 L)
1879 4180 1942 4227 15
1990 4176 2214 4227 uocatio
2257 4178 2304 4227 Τ
2341 4178 2495 4242 (corr.
2534 4172 2637 4241 11²)

348 4260 415 4308 18
460 4253 684 4309 uideret
728 4252 932 4307 lectica
971 4253 1023 4305 V
1239 4258 1305 4305 20
1352 4250 1638 4305 manifesti
1681 4252 1836 4319 GT,
1873 4255 1988 4307 -sta
2027 4256 2114 4319 M,
2150 4256 2266 4306 -stfi
2308 4254 2484 4318 VLP,
2520 4255 2637 4305 -sto

344 4335 579 4404 Bentley
758 4340 823 4386 21
872 4332 1013 4386 haec
1061 4334 1111 4399 (e
1150 4350 1268 4399 exp.
1306 4350 1375 4385 m.
1404 4336 1461 4400 2)
1506 4349 1690 4401 paena
1729 4336 1842 4399 M„
1889 4350 1990 4388 om.
2027 4335 2078 4387 T
2117 4336 2215 4402 qui
2259 4340 2384 4386 ante
2417 4334 2640 4400 praebet

342 4429 459 4483 quo
480 4458 491 4469 .
516 4458 526 4468 .
551 4456 563 4469 .
585 4412 908 4467 adiciuntur
1052 4418 1118 4465 2⁸2
1148 4412 1537 4480 interpellasse
1566 4414 1798 4483 Bentley
1943 4420 2010 4466 23
2041 4414 2110 4467 de
2139 4432 2239 4467 om.
2275 4414 2328 4467 G-
2452 4413 2640 4481 signa-

344 4498 495 4549 tores
534 4494 845 4549 Beroaldus
883 4496 984 4562 (ς),
1047 4496 1333 4547 senatores
1372 4496 1423 4545 Ω,
1454 4496 1798 4560 (segnatores
1838 4496 2070 4560 affertur
2105 4512 2172 4548 ex
2216 4494 2330 4547 cod.
2369 4493 2637 4561 Harlem.)

345 4582 415 4628 24
452 4572 679 4629 tabulas
718 4572 862 4629 MX'
