3259 5209
639 458 765 524 148
1333 457 1389 512 C.
1428 457 1743 512 SVETONI
1780 455 2224 521 TRANQVILLI

634 622 961 707 praeclara
1004 623 1175 686 facta
1210 622 1348 686 eius
1384 643 1502 706 pro
1543 620 1956 705 superuacuis
2004 619 2272 684 eleuarit
2319 623 2386 683 et
2429 617 2936 704 gloriosissimas

634 728 941 793 uictorias
990 750 1106 792 ceu
1151 729 1491 794 damnosas
1538 729 1629 792 rei
1677 749 1738 812 p.
1786 728 2154 810 increparet.
2242 724 2417 810 quod
2459 745 2616 788 uero
2655 723 2936 788 Alexan-

549 857 563 871 ·
634 835 848 899 dream
896 839 1162 920 propter
1207 836 1581 900 immensam
1630 838 1697 898 et
1741 833 2140 918 repentinam
2187 833 2424 896 famem
2459 830 2825 896 inconsulto
2863 850 2938 894 se

561 958 593 1005 3
635 941 887 1024 adisset,
935 947 1199 1026 questus
1255 947 1352 1007 est
1406 943 1474 1005 in
1531 947 1774 1006 senatu.
1857 940 2052 1004 etiam
2107 961 2299 1004 causa
2351 939 2582 1002 mortis
2627 937 2826 1002 fuisse
2871 935 2937 1000 ei

635 1070 751 1132 per
797 1048 910 1112 Gn.
954 1048 1257 1113 Pisonem
1311 1049 1599 1134 legatum
1659 1046 1882 1131 Syriae
1937 1046 2248 1131 creditur,
2301 1066 2494 1128 quem
2539 1065 2691 1108 mox
2738 1042 2938 1107 huius
2999 1069 3029 1107 ε

638 1155 926 1220 criminis
984 1177 1161 1220 reum
1216 1158 1449 1239 putant
1504 1155 1768 1238 quidam
1823 1153 2124 1217 mandata
2178 1151 2614 1237 prolaturum,
2677 1150 2804 1213 nisi
2859 1171 2936 1212 ea

638 1267 882 1328 secreto
930 1265 1255 1328 ostentant
1290 1263 1333 1345 <
1337 1311 1528 1326 ......
1531 1263 1573 1345 >
1618 1283 1782 1346 quae
1827 1260 2250 1324 multifariam
2287 1258 2670 1342 inscriptum
2705 1260 2772 1320 et
2815 1276 2939 1340 per

634 1371 856 1433 noctes
922 1368 1331 1432 celeberrime
1396 1367 1825 1432 adclamatum
1891 1371 2016 1431 est:
2082 1365 2310 1430 redde
2377 1363 2936 1429 Germanicum!

638 1497 831 1560 quam
879 1476 1311 1559 suspicionem
1370 1474 1780 1539 confirmauit
1836 1475 1972 1558 ipse
2025 1477 2251 1557 postea
2297 1471 2572 1557 coniuge
2617 1471 2812 1535 etiam
2861 1489 2941 1532 ac

635 1581 859 1647 liberis
909 1581 1273 1647 Germanici
1320 1581 1640 1646 crudelem
1688 1581 1755 1645 in
1803 1581 2066 1644 modum
2114 1579 2387 1643 afflictis
2575 1575 2584 1582 ’
2971 1603 3030 1642 ιο

529 1684 621 1751 53
815 1687 1072 1754 Nurum
1101 1688 1533 1775 Agrippinam
1569 1692 1719 1772 post
1756 1687 1974 1752 mariti
2010 1691 2284 1752 mortem
2321 1685 2592 1749 liberius
2629 1683 2937 1768 quiddam

636 1801 929 1880 questam
969 1818 1162 1860 manu
1201 1794 1628 1880 apprehendit
1669 1793 2038 1879 Graecoque
2075 1815 2268 1858 uersu
2303 1793 2496 1876 (com.
2515 1793 2642 1856 Att.
2669 1795 2791 1874 fry.
2812 1789 2950 1854 III

632 1907 847 1986 p.449
882 1902 1163 1986 n.212>:
1212 1902 1273 1966 si
1314 1923 1460 1966 non
1501 1900 1955 1984 dominaris,
1990 1900 2224 1984 inquit,
2258 1899 2534 1982 filiola,
2570 1897 2934 1961 iniuriam

635 2014 710 2073 te
765 2009 1114 2093 accipere
1180 2008 1624 2073 existimas?
1699 2029 1815 2072 nec
1873 2007 2008 2072 ullo
2067 2029 2218 2071 mox
2283 2027 2577 2072 sermone
2631 2003 2938 2090 dignatus

634 2119 749 2180 est.
833 2117 1156 2200 quondam
1204 2137 1358 2181 uero
1404 2115 1574 2180 inter
1620 2136 1839 2179 cenam
1891 2119 2191 2198 porrecta
2237 2137 2274 2179 a
2319 2135 2385 2178 se
2432 2133 2626 2197 poma
2670 2112 2936 2196 gustare
2973 2137 3028 2176 ιε»

634 2243 766 2286 non
822 2244 1043 2286 ausam
1098 2221 1293 2286 etiam
1349 2242 1581 2287 uocare
1628 2221 1847 2299 desiit,
1903 2220 2212 2284 simulans
2265 2220 2500 2284 ueneni
2553 2239 2621 2282 se
2667 2217 2936 2281 crimine

638 2329 897 2415 arcessi3
946 2351 1089 2393 cum
1129 2332 1601 2413 praestructum
1642 2332 1987 2411 utrumque
2025 2325 2322 2391 consulto
2359 2329 2548 2409 esset,
2583 2327 2658 2388 ut
2693 2327 2761 2387 et
2797 2323 2938 2406 ipse

636 2435 994 2519 temptandi
1050 2435 1261 2520 gratia
1316 2435 1574 2499 offerret
1629 2439 1693 2498 et
1753 2434 1868 2498 illa
1923 2434 2108 2517 quasi
2170 2431 2598 2497 certissimum
2665 2430 2934 2494 exitium

568 2555 599 2603 2
642 2545 909 2606 caueret.
1005 2541 1355 2606 nouissime
1419 2541 1846 2605 calumniatus
1910 2541 2102 2604 modo
2163 2540 2246 2604 ad
2309 2543 2589 2604 statuam
2651 2535 2936 2623 Augusti

638 2648 831 2713 modo
869 2649 951 2712 ad
988 2648 1303 2712 exercitus
1343 2649 1690 2733 confugere
1729 2647 1914 2730 uelle,
1951 2646 2398 2711 Pandatariam
2437 2645 2752 2730 relegauit
2789 2665 2934 2708 con·
2965 2671 3028 2711 ao

636 2755 1034 2838 uiciantique
1080 2754 1340 2819 oculum
1386 2777 1502 2838 per
1538 2755 1978 2819 centurionem
2016 2753 2395 2819 uerberibus
2433 2751 2732 2818 excussit.
2799 2773 2934 2814 rur-

640 2885 747 2926 sus
804 2862 972 2926 mori
1025 2862 1237 2927 inedia
1293 2862 1638 2926 destinanti
1696 2884 1811 2945 per
1865 2862 1995 2926 uim
2057 2883 2166 2926 ore
2212 2860 2472 2924 diducto
2519 2857 2807 2924 infulciri
2851 2857 2934 2923 ci·

638 2968 795 3034 bum
844 2969 1049 3034 iussit.
1132 2969 1243 3033 sed
1288 2975 1355 3034 et
1407 2972 1928 3053 perseuerantem
1973 2973 2167 3052 atque
2222 2967 2316 3032 ita
2359 2967 2770 3050 absumptam
2819 2964 2936 3027 cri—

640 3075 1071 3140 minosissime
1118 3075 1496 3159 insectatus,
1542 3097 1691 3140 cum
1739 3075 1908 3139 diem
1955 3097 2211 3159 quoque
2256 3074 2538 3138 natalem
2585 3073 2724 3136 eius
2770 3071 2939 3135 inter

638 3182 925 3246 nefastos
989 3183 1390 3246 referendum
1458 3183 1789 3266 suasisset,
1861 3181 2209 3265 imputauit
2271 3181 2495 3263 etiam,
2567 3179 2742 3263 quod
2806 3199 2936 3242 non
2966 3203 3028 3244 εει

786 3336 851 3384 10
890 3337 939 3385 et
975 3349 1028 3400 p.
1054 3337 1173 3398 149,
1197 3337 1260 3384 15
1300 3332 1389 3400 (cf.
1420 3348 1473 3399 p.
1508 3336 1627 3396 152,
1658 3334 1746 3399 23)
1791 3331 1942 3385 Oros.
1974 3330 2096 3383 VII
2115 3335 2224 3396 4‚9
2270 3328 2414 3382 filios
2462 3327 2784 3382 Germanici
2833 3325 2936 3378 filii

640 3409 728 3462 sui
764 3409 1065 3463 interfecit.

788 3550 814 3596 1
855 3543 1143 3613 praeclare
1162 3544 1394 3613 Bentley
1519 3543 1733 3597 elueret
1754 3543 1875 3614 HQ,
1895 3541 2146 3596 eluderet
2166 3544 2239 3608 R,
2267 3542 2514 3596 eleuaret
2532 3541 2613 3596 ed.
2647 3541 2772 3596 Ven.
2794 3544 2940 3593 1510

642 3625 714 3679 al.
744 3625 873 3691 fort.
901 3631 1041 3679 recte
1210 3629 1241 3676 2
1290 3624 1416 3694 ceu]
1458 3623 1639 3678 ueluti
1673 3624 1724 3677 G
1906 3622 2215 3693 increparit
2253 3623 2320 3678 δ”
2357 3623 2457 3692 (ed.
2488 3622 2642 3676 Iunt.
2673 3626 2816 3676 1510
2841 3621 2939 3684 al.)

642 3711 673 3757 4
714 3719 943 3758 causam
973 3704 1052 3759 L*
1152 3710 1184 3758 5
1224 3705 1469 3758 creditur
1500 3704 1550 3758 G
1578 3711 1629 3757 et
1670 3703 1742 3757 V²
1767 3705 1828 3757 in
1867 3722 2038 3774 mary.
2068 3706 2334 3758 incertum
2366 3720 2532 3772 quam
2558 3709 2713 3768 recte,
2749 3698 2940 3754 aede-

637 3787 795 3838 retur
829 3783 965 3854 HQ,
1012 3783 1343 3837 credebatur
1380 3801 1439 3850 ς,
1484 3801 1587 3839 om.
1620 3785 1745 3849 rel„
1790 3790 1840 3838 et
1885 3787 1962 3838 sic
1999 3785 2232 3854 Bentley
2277 3785 2456 3854 leyen-s
2497 3789 2662 3837 antea
2708 3783 2940 3850 questus

641 3863 716 3918 sit
756 3871 807 3918 et
842 3862 1014 3917 fuerit
1195 3869 1225 3917 6
1264 3863 1373 3916 nisi
1420 3880 1487 3917 ea
1534 3868 1746 3917 secreto
1789 3866 2077 3918 ostentant
2123 3879 2268 3932 quae
2295 3861 2463 3929 MX‘,
2515 3879 2548 3915 a
2601 3862 2800 3916 senatu
2847 3877 2938 3914 ca-

640 3944 777 4013 pitis
823 3944 1196 4013 dampnatum
1240 3960 1341 3998 nec
1388 3960 1456 3996 ea
1493 3947 1580 4012 (ex
1615 3947 1670 4014 9)
1715 3947 1925 3997 secreto
1973 3947 2260 3998 ostentant
2298 3959 2441 4012 quae
2481 3941 2534 3996 G
2571 3941 2842 4012 (interpol.
2871 3958 2942 3995 ea:

644 4026 758 4080 Cal.
779 4027 865 4094 2),
902 4023 1011 4078 nisi
1051 4041 1119 4078 ea
1156 4027 1369 4078 secreta
1406 4024 1697 4078 obstarent
1732 4041 1832 4093 per
1869 4041 2014 4092 quae
2059 4027 2104 4076 Τ
2139 4025 2358 4092 (ηαλμ),
2408 4022 2520 4075 nisi
2558 4023 2668 4090 (uel
2691 4021 2772 4088 ni)
2811 4037 2941 4090 spes

642 4108 853 4159 secreto
884 4106 991 4174 (uel
1020 4121 1055 4158 a
1083 4104 1305 4174 Seiano)
1344 4107 1565 4158 ostenta
1593 4109 1743 4158 esset
1768 4105 1939 4158 uitae.
1992 4104 2141 4157 inter
2168 4120 2311 4170 quae
2333 4103 2584 4173 Bentley,
2609 4103 2802 4156 melius
2829 4100 2941 4154 nisi

642 4203 709 4240 ea
756 4204 798 4239 s.
847 4185 1201 4257 ostentant<i
1247 4185 1551 4238 auferenda
1591 4186 1888 4254 ipsumque
1936 4184 2308 4254 iugulandum
2355 4185 2620 4239 curasset.
2665 4182 2939 4253 propter>

642 4284 785 4335 quae
816 4267 962 4320 Roth
1072 4271 1099 4318 7
1130 4265 1467 4335 increpitum
1496 4270 1557 4330 Τ,
1592 4265 1973 4319 inferibuntur
1995 4266 2044 4318 G
2156 4271 2186 4317 8
2215 4263 2543 4317 creberrime
2573 4262 2832 4317 Beroald.
2861 4265 2938 4330 (ς)

644 4353 707 4400 11
750 4346 979 4416 quidem
1011 4346 1062 4400 G
1220 4351 1287 4401 15
1326 4345 1609 4414 quandam
1644 4347 1694 4401 G
1859 4351 1922 4398 17
1963 4346 2171 4398 accersi
2201 4347 2251 4397 Ω
2289 4344 2434 4413 (-siri
2467 4341 2558 4414 ρ’)
2715 4343 2940 4410 utrique

640 4428 821 4483 Polak
969 4431 1032 4479 18
1071 4425 1304 4479 exitium
1338 4427 1387 4480 G
1417 4433 1465 4480 et
1493 4425 1559 4480 δ’
1589 4445 1696 4495 pro
1732 4445 1786 4480 u.
1820 4427 1852 4480 l.
1883 4426 2205 4494 (Beroald.)‚
2243 4424 2456 4478 exitum
2492 4425 2586 4478 rel.
2735 4429 2800 4476 19
2840 4422 2939 4493 ad]

642 4511 700 4560 et
724 4509 796 4561 M
901 4512 968 4559 20
997 4506 1430 4575 pandant-ariam
1452 4507 1511 4572 V,
1533 4507 1905 4575 pandatarum
1928 4505 2078 4575 11¹9,
2099 4505 2330 4558 -tarium
2351 4504 2490 4558 H’R
2597 4509 2665 4556 22
2696 4502 2940 4557 deducto

654 4586 859 4657 VLPQ
1002 4591 1070 4638 24
1108 4587 1416 4640 insectatus
1452 4590 1538 4640 est
1579 4591 1626 4640 Τ
1663 4589 1824 4655 (edd.)
1971 4593 2038 4639 25
2078 4586 2353 4639 sanxisset
2391 4585 2624 4655 Bentley
