3259 5209
646 427 774 491 116
1342 421 1399 479 U.
1416 425 1425 438 ⁵
1440 424 1755 479 SVETONI
1791 422 2241 490 TRANQVILLI
2287 421 2297 426 “

640 591 883 655 laretur
928 594 994 655 et
1038 591 1130 654 ita
1175 591 1242 652 in
1288 589 1487 654 fastos
1530 581 1897 653 referretur.
1979 609 2205 652 uerum
2252 585 2541 652 adhibito
2587 587 2946 651 honoribus

642 697 835 762 modo
882 695 1184 761 bifariam
1229 695 1528 760 laudatus
1576 699 1697 760 est:
1751 716 1869 778 pro
1915 695 2070 759 aede
2115 694 2272 758 Diui
2318 692 2446 758 Iuli
2488 717 2526 758 a
2571 693 2832 759 Tiberio
2880 698 2948 758 et

640 825 759 888 pro
807 803 1035 868 rostris
1084 803 1407 867 ueteribus
1457 825 1493 865 a
1529 801 1744 865 Druso
1783 800 1998 866 Tiberi
2047 799 2205 885 filio,
2251 823 2324 866 ac
2363 805 2733 866 senatorum
2770 823 2946 865 ume-

571 925 606 974 4
642 911 733 974 ris
782 909 1031 974 delatus
1094 911 1161 972 in
1211 907 1525 993 Campum
1581 912 2042 992 crematusque.
2125 930 2245 972 nec
2291 908 2496 994 defuit
2541 908 2644 972 uir
2689 914 2945 992 praeto—

639 1017 792 1100 rius,
842 1017 957 1100 qui
994 1038 1060 1080 se
1097 1015 1375 1101 effigiem
1420 1015 1682 1080 cremati
1721 1019 1974 1079 euntem
2017 1015 2084 1078 in
2124 1018 2370 1080 caelum
2409 1014 2648 1079 uidisse
2687 1016 2943 1079 iuraret.
3001 1039 3029 1080 5

638 1123 943 1206 reliquias
972 1122 1267 1210 legerunt
1294 1123 1607 1208 primores
1638 1121 1952 1205 equestris
1982 1121 2224 1186 ordinis
2253 1123 2525 1187 tunicati
2551 1125 2617 1186 et
2646 1121 2946 1186 discincti

638 1230 1042 1316 pedibusque
1106 1231 1297 1294 nudis
1363 1251 1437 1296 ac
1500 1230 1830 1294 Mausoleo
1893 1229 2329 1295 condiderunt.
2425 1230 2490 1293 id
2546 1249 2710 1313 opus
2776 1229 2946 1292 inter

640 1336 1024 1402 Flaminiam
1086 1338 1259 1401 uiam
1321 1338 1658 1420 ripamque
1712 1334 1960 1401 Tiberis
2023 1341 2203 1401 sexto
2266 1359 2382 1400 suo
2443 1337 2782 1402 consulatu
2837 1357 2944 1398 ex-

639 1448 931 1508 truxerat
986 1444 1553 1527 circumiectasque
1601 1444 1798 1508 siluas
1845 1448 1909 1507 et
1964 1443 2434 1508 ambulationes
2481 1442 2550 1506 in
2593 1463 2782 1506 usum
2830 1465 2944 1526 po-

639 1551 780 1635 puli
826 1552 954 1614 iam
1002 1555 1141 1615 tum
1187 1551 1561 1636 publicarat.
2971 1574 3028 1613 ιο

534 1653 660 1722 101
818 1657 1298 1723 Testamentum
1338 1657 1406 1721 L.
1437 1657 1677 1722 Planco
1717 1656 1784 1721 C.
1819 1654 1980 1720 Silio
2023 1679 2195 1722 cons.
2233 1655 2344 1720 III.
2382 1654 2550 1720 Non.
2589 1652 2864 1740 Apriles,
2899 1673 3006 1712 ιη
3023 1672 3115 1720 μῦ

640 1767 789 1827 ante
846 1786 1085 1829 annum
1146 1769 1211 1830 et
1266 1768 1572 1848 quattuor
1625 1785 1876 1829 menses
1923 1785 2114 1847 quam
2163 1763 2523 1846 decederet,
2569 1764 2812 1828 factum
2859 1761 2942 1825 ab

637 1891 713 1933 eo
765 1891 838 1934 ac
885 1870 1136 1936 duobus
1185 1871 1512 1937 codicibus
1570 1871 1806 1954 partim
1857 1871 2062 1954 ips-iu
2109 1871 2345 1954 partim
2391 1870 2770 1936 libertorum
2821 1867 2942 1934 Po-

641 1974 778 2061 lybi
826 1982 891 2042 et
936 1977 1291 2043 Hilarionis
1338 2001 1530 2042 mauu
1580 1979 1892 2061 scriptum
1939 1977 2434 2062 depositumque
2482 1977 2654 2061 apud
2699 1997 2768 2040 se
2815 1979 2942 2042 uir-

642 2085 823 2167 gines
872 2083 1163 2150 Vestales
1210 2106 1355 2149 cum
1403 2085 1612 2148 tribus
1661 2085 1928 2170 signatis
1984 2105 2186 2168 aeque
2231 2083 2674 2148 uoluminibus
2719 2089 2941 2168 protu-
2971 2101 3026 2139 1⁶

637 2190 868 2254 lerunt.
973 2213 1135 2275 quae
1202 2193 1417 2256 omnia
1480 2193 1549 2255 in
1613 2196 1839 2255 senatu
1905 2196 2124 2276 aperta
2187 2196 2380 2275 atque
2444 2192 2710 2256 recitata
2773 2196 2940 2255 sunt.

570 2313 602 2358 2
642 2297 910 2362 heredes
967 2298 1249 2361 instituit
1302 2298 1575 2383 primos:
1631 2296 1960 2362 Tiberium
2021 2319 2098 2362 ex
2153 2301 2335 2383 parte
2383 2297 2648 2362 dimidia
2693 2302 2758 2362 et
2806 2319 2940 2361 sex·

640 2405 837 2485 tante,
881 2403 1135 2468 Liuiam
1184 2426 1262 2468 ex
1307 2409 1490 2488 parte
1538 2405 1745 2487 tertia,
1793 2426 1954 2487 quos
2003 2408 2064 2467 et
2112 2404 2276 2469 ferre
2317 2427 2550 2469 nomen
2587 2426 2773 2468 suum
2815 2405 2940 2468 ius-

636 2511 747 2594 sit3
807 2510 1145 2575 secundos:
1203 2509 1487 2575 Drusum
1533 2509 1752 2576 Tiberi
1807 2511 2012 2574 filium
2063 2533 2140 2574 ex
2196 2511 2455 2593 triente,
2515 2533 2592 2576 ex
2647 2511 2938 2596 partibus

640 2615 907 2700 reliquis
958 2615 1407 2682 Germanicum
1452 2617 1819 2702 liberosque
1867 2619 2003 2683 eius
2051 2621 2178 2682 tres
2227 2639 2416 2682 sexus
2461 2617 2698 2701 uirilis3
2747 2619 2938 2683 tertio
2967 2634 3026 2673 20

640 2724 845 2809 gradu
905 2725 1305 2808 propinquos
1370 2727 1738 2807 amicosque
1805 2726 2171 2810 compluris
2261 2725 2507 2810 legauit
2561 2725 2805 2808 populo
2863 2723 2938 2788 R.

642 2829 1191 2916 quadringenties,
1259 2831 1554 2896 tribubus
1617 2833 1835 2895 tricies
1900 2832 2238 2915 quinquies
2305 2831 2697 2916 sestertium,
2761 2854 2937 2915 prae-

639 2939 907 3003 toriam's
946 2939 1266 3003 militibus
1306 2938 1562 3024 singula
1598 2939 1780 3002 milia
1807 2959 2235 3020 nummorum,
2273 2937 2648 3002 cohortibus
2675 2938 2938 3004 urbanis

640 3047 1027 3131 quingenos,
1084 3045 1427 3131 legionaris
1488 3049 1780 3109 trecenos
1825 3066 2152 3130 nummos;
2215 3067 2406 3128 quam
2469 3065 2784 3110 summam
2847 3068 2940 3108 re·

637 3154 1033 3235 praesentari
1089 3153 1306 3235 iussit,
1360 3175 1507 3216 nam
1566 3156 1630 3216 et
1685 3153 2097 3217 confiscatam
2155 3173 2406 3235 semper
2460 3153 2938 3234 repositamque
2967 3161 3026 3201 ²⁵

570 3270 602 3319 3
640 3258 967 3324 habuerat.
1052 3260 1300 3343 reliqua
1344 3259 1557 3344 legata
1602 3260 1778 3323 uarie
1826 3258 2000 3324 dedit
2036 3258 2464 3343 perduxitque
2501 3257 2809 3342 quaedam
2859 3257 2939 3321 ad

638 3365 865 3428 uicena
930 3367 1251 3448 sestertia,
1324 3365 1559 3449 quibus
1624 3366 1951 3430 soluendis
2009 3387 2291 3430 annuum
2347 3365 2515 3430 diem
2581 3365 2779 3448 finiit,
2833 3385 2938 3430 ex-

640 3476 865 3536 cusata
918 3473 1010 3536 rei
1066 3472 1401 3536 familiaris
1458 3472 1898 3536 mediocritate
1961 3494 2078 3536 nec
2137 3474 2285 3556 plus
2339 3477 2800 3558 peruenturum
2857 3470 2941 3534 ad

638 3576 901 3642 heredes
951 3598 1103 3640 suos
1153 3598 1345 3661 quam
1403 3577 1613 3640 milies
1662 3582 1726 3642 et
1773 3577 2179 3663 quingenties
2225 3579 2583 3664 professus,
2640 3579 2938 3661 quamuis

778 3795 813 3840 4
852 3789 1086 3855 Eutrop.
1132 3788 1252 3841 1'11
1277 3793 1331 3852 8,
1360 3793 1395 3840 4
1440 3788 1652 3840 Romae
1690 3787 1748 3839 in
1787 3803 1986 3856 campo
2026 3788 2230 3841 Martio
2270 3787 2524 3857 sepultus
2563 3791 2673 3857 est,
2712 3789 2802 3842 uir
2837 3789 2938 3856 qui

637 3885 750 3922 non
788 3867 1050 3921 inmerito
1087 3884 1153 3921 ex
1194 3869 1437 3920 maxima
1474 3871 1636 3936 parte
1676 3867 1780 3920 deo
1819 3868 2017 3921 similis
2056 3872 2143 3922 est
2178 3871 2427 3938 putatus.

784 4079 809 4126 l
851 4072 1023 4126 falsos
1056 4074 1107 4125 G
1217 4079 1247 4126 2
1286 4073 1453 4126 modo
1481 4090 1581 4127 om.
1610 4075 1658 4125 Τ
1764 4077 1794 4126 3
1827 4073 2016 4145 (sub)
2047 4072 2334 4127 ueteribus
2367 4073 2649 4144 Egnatius
2756 4079 2788 4125 4
2819 4088 2936 4125 cre-

636 4154 918 4221 matisque
952 4154 1029 4218 G,
1087 4156 1477 4220 crematusque
1516 4155 1601 4206 est
1630 4154 1697 4218 S,
1762 4157 2039 4207 crematus
2079 4157 2164 4207 est
2201 4155 2510 4223 Stephanus
2683 4159 2744 4205 11
2788 4152 2940 4222 apri-

634 4234 704 4286 lis
740 4235 898 4288 GXY
1056 4240 1119 4286 14
1157 4251 1215 4287 se
1255 4251 1355 4288 om.
1390 4236 1451 4298 V,
1499 4250 1593 4286 sex
1632 4251 1664 4292 ς
1832 4239 1894 4286 17
1935 4237 2190 4287 sextante
2233 4238 2280 4287 Y
2315 4241 2366 4288 et
2401 4237 2464 4288 in
2499 4251 2672 4304 mai-9.
2706 4235 2768 4298 Γ,
2815 4249 2938 4286 sex-

634 4317 751 4367 tam
786 4316 967 4370 MGX
972 4315 1006 4381 ¹,
1046 4318 1203 4368 sexta
1226 4315 1489 4370 Ouia-cius
1508 4315 1595 4381 (cf.
1621 4315 1853 4382 T1·b.23)
1993 4319 2057 4366 18
2086 4331 2226 4381 quos
2258 4315 2337 4386 et]
2367 4330 2479 4382 quo
2512 4313 2564 4367 G·
2701 4319 2766 4365 22
2796 4329 2938 4380 qua—

633 4395 943 4460 drigenties
988 4396 1113 4449 ΜΘ
1128 4397 1229 4450 VR
1266 4397 1421 4464 (recte
1456 4399 1507 4464 9)
1683 4393 1985 4447 tribulibus
2026 4395 2256 4463 Lipsius
2427 4394 2702 4461 quinques
2735 4394 2857 4448 ΜΟ
2877 4395 2937 4451 V,

634 4483 788 4541 (recte
826 4479 907 4546 9),
966 4476 1215 4544 quinque
1252 4479 1311 4528 X
1464 4481 1529 4528 26
1567 4474 1832 4543 perduxit
1873 4475 1949 4539 G,
2004 4474 2378 4543 produxitque
2419 4477 2475 4527 Π
2483 4493 2515 4533 ς
2561 4480 2612 4527 et
2656 4475 2767 4539 fere
2813 4473 2934 4526 edd.

633 4561 696 4606 27
740 4556 913 4608 uicies
952 4555 1272 4609 sestertium
1304 4556 1628 4608 Perizonius
1773 4559 1839 4606 28
1879 4555 2006 4622 plus
2044 4573 2144 4608 om.
2179 4555 2230 4608 G

3233 56 3254 249 1

3240 311 3259 495 l

3239 529 3259 818 ¹

3247 831 3259 994 Ι

3245 1030 3259 1258 ¹

3247 1301 3259 1589 ‚i

3247 1571 3259 1876 i

3253 1889 3259 2036 ι

3237 4861 3259 5160 Α
3243 4043 3259 4842 ’-μειῄ-“.
3245 3755 3259 4012 ——A
