3259 5209
609 394 741 464 290
1313 391 1371 448 C.
1410 391 1724 448 SVETONI
1759 390 2209 456 TRANQVILLl

608 556 939 626 nonnullis
985 559 1053 622 et
1097 556 1354 640 occisis,
1414 557 1505 622 sic
1558 559 1633 622 ut
1678 559 1860 622 erant
1913 555 2187 639 cruenti,
2241 553 2506 620 ubinam
2563 553 2925 637 imperator

610 668 779 728 esset
813 663 1211 748 requirentes
1247 667 1676 749 perruperunt
1713 662 1782 730 in
1819 661 2172 729 triclinium
2211 681 2414 745 usque
2450 681 2570 728 nec
2607 659 2736 724 nisi
2771 660 2922 724 uiso

610 770 1013 839 destiterunt.

541 895 573 944 8
788 875 1289 961 Expeditionem
1325 878 1541 941 autem
1588 875 1844 961 inpigre
1881 880 2076 960 atque
2112 875 2307 942 etiam
2343 895 2776 959 praepropere
2821 874 2921 938 in-

611 983 888 1066 cohauit,
934 982 1115 1050 nulla
1160 1004 1243 1048 ne
1287 980 1674 1068 religionum
1722 981 1982 1066 quidem
2029 1002 2208 1065 cura,
2263 981 2376 1046 sed
2421 986 2486 1048 et
2529 981 2728 1046 motis
2773 1001 2922 1044 nec·
2991 1006 3028 1044 s

612 1091 764 1156 dum
825 1089 1103 1158 conditis
1162 1088 1504 1171 ancilibus,
1564 1087 1740 1172 quod
1794 1088 2152 1172 antiquitus
2211 1087 2568 1154 infaustum
2621 1086 2924 1171 habetur,

612 1200 679 1263 et
722 1196 852 1282 die,
908 1218 1037 1282 quo
1094 1195 1373 1262 cultores
1428 1195 1617 1263 deum
1673 1194 1900 1262 Matris
1954 1195 2296 1260 lamentari
2351 1199 2418 1260 et
2470 1193 2778 1280 plangere
2823 1193 2924 1258 in-

611 1304 891 1388 cipiunt,
951 1307 1279 1389 praeterea
1342 1301 1810 1368 aduersissimis
1871 1302 2190 1386 auspiciis.
2295 1323 2446 1366 nam
2519 1306 2584 1366 et
2649 1302 2924 1366 uictima

612 1410 752 1476 Diti
824 1411 995 1494 patri
1064 1430 1249 1475 caesa
1308 1408 1553 1492 litauit,
1612 1429 1759 1474 cum
1831 1407 1946 1473 tali
2007 1407 2320 1474 sacrificio
2386 1409 2710 1474 contraria
2769 1411 2924 1472 exta

612 1519 869 1602 potiora
915 1517 1071 1602 sint,
1126 1521 1193 1580 et
1246 1517 1456 1601 primo
1512 1537 1776 1602 egressu
1833 1513 2364 1581 inundationibus
2409 1514 2660 1580 Tiberis
2719 1519 2922 1580 retar-
2957 1539 3024 1578 ιο

616 1623 801 1688 datus
848 1623 927 1688 ad
974 1621 1400 1688 uicensimum
1449 1623 1645 1686 etiam
1689 1621 1968 1707 lapidem
2022 1622 2209 1688 ruina
2255 1620 2694 1713 aedificiorum
2739 1642 2924 1704 prae-

544 1731 589 1798 9
620 1731 863 1796 clusam
940 1729 1115 1796 uiam
1189 1727 1471 1794 offendit.
1565 1727 1764 1795 simili
1827 1729 2216 1811 temeritate,
2281 1727 2580 1812 quamuis
2651 1726 2922 1792 dubium

612 1835 855 1901 nemini
903 1840 1070 1900 esset
1116 1834 1276 1919 quin
1322 1835 1492 1900 trahi
1538 1833 1779 1899 bellum
1828 1839 2173 1919 oporteret,
2220 1834 2478 1919 quando
2526 1838 2593 1899 et
2637 1833 2809 1898 fame
2856 1838 2924 1898 et

616 1943 935 2028 angustiis
982 1943 1271 2008 locorum
1318 1945 1658 2028 urgeretur
1701 1940 1937 2024 hostis,
1985 1963 2179 2026 quam
2223 1942 2503 2025 primum
2552 1947 2770 2005 tamen
2817 1940 2922 2004 de-

616 2054 859 2114 certare
902 2049 1151 2132 statuit,
1198 2049 1334 2114 siue
1382 2049 1726 2132 impatiens
1768 2047 2081 2134 longioris
2127 2048 2584 2114 sollicitudinis
2631 2069 2922 2132 sperans·
2951 2071 3014 2112 ιε

618 2177 741 2241 que
803 2161 953 2222 ante
1007 2155 1234 2222 Vitelli
1294 2155 1642 2223 aduentum
1704 2156 2032 2242 profligari
2094 2154 2447 2240 plurimum
2506 2176 2723 2238 posse,
2781 2156 2920 2218 siue

616 2263 826 2347 impar
870 2262 1149 2328 militum
1192 2262 1405 2327 ardori
1440 2283 1727 2348 pugnam
1765 2261 2266 2346 deposcentium.
2349 2281 2470 2326 nec
2509 2261 2624 2326 ulli
2662 2281 2920 2348 pugnae

616 2369 805 2434 affuit
850 2370 1271 2453 substititque
1317 2367 1603 2434 Brixelli.

550 2496 581 2542 ‘2
799 2475 886 2540 Et
923 2475 1131 2541 tribus
1169 2475 1444 2559 quidem,
1490 2497 1716 2540 uerum
1755 2474 2186 2540 mediocribus
2232 2475 2470 2560 proelis
2509 2474 2680 2560 apud
2715 2473 2918 2560 Alpes

620 2582 911 2666 circaque
972 2581 1365 2646 Placentiam
1425 2588 1489 2647 et
1548 2581 1631 2646 ad
1692 2579 2004 2667 Castoris,
2069 2581 2242 2665 quod
2298 2583 2443 2648 loco
2503 2603 2742 2647 nomen
2801 2586 2920 2664 est,
2947 2603 3007 2644 ee

618 2689 809 2776 uicit3
853 2690 1209 2754 nouissimo
1248 2691 1658 2773 maximoque
1695 2688 1870 2772 apud
1907 2686 2274 2755 Betriacum
2311 2688 2534 2754 fraude
2579 2694 2917 2774 superatus

620 2801 736 2882 est,
773 2817 917 2862 cum
958 2818 1070 2880 spe
1109 2795 1436 2879 conloquii
1473 2795 1664 2880 facta,
1712 2795 1895 2880 quasi
1933 2796 2015 2860 ad
2057 2796 2495 2862 condicionem
2537 2797 2718 2880 pacis
2755 2795 2919 2860 mili-

621 2903 796 2968 tibus
842 2903 1109 2986 eductis,
1154 2924 1233 2968 ex
1271 2902 1602 2987 inprouiso
1651 2907 1846 2985 atque
1882 2903 1952 2968 in
1987 2903 2130 2988 ipsa
2175 2903 2692 2970 consalutatione
2739 2902 2920 2966 dimi·

550 3029 582 3075 3
622 3009 893 3076 candum
940 3008 1187 3074 fuisset.
1270 3031 1345 3074 ac
1390 3011 1610 3076 statim
1659 3010 1973 3074 moriendi
2014 3010 2327 3094 impetum
2373 3011 2564 3096 cepit,
2610 3014 2686 3074 ut
2729 3010 2920 3074 multi

765 3173 829 3222 19
852 3184 972 3236 sqq.
1002 3168 1241 3236 Eutrop.
1284 3167 1407 3222 VII
1427 3170 1517 3233 1⁷,
1546 3171 1581 3220 3
1624 3165 1776 3220 bello
1823 3168 2019 3220 contra
2069 3184 2198 3221 eum
2248 3169 2536 3237 suscepto,
2587 3184 2718 3222 cum
2768 3165 2918 3236 apud

620 3247 943 3302 Betriacum
978 3248 1039 3301 in
1074 3247 1245 3301 Italia
1272 3246 1388 3301 leui
1424 3246 1640 3316 proelio
1675 3247 1862 3300 uictus
1889 3249 2054 3312 esset,
2091 3247 2350 3318 ingentes
2387 3247 2582 3303 tamen
2617 3247 2810 3316 copias
2846 3245 2919 3300 ad

620 3327 833 3383 bellum
859 3328 1111 3394 haberet,
1150 3329 1350 3397 sponte
1378 3329 1557 3382 semet
1583 3327 1809 3382 occidit.
1840 3327 1996 3397 Epic.
2026 3331 2078 3395 ⁷,
2095 3332 2135 3382 ,2
2171 3345 2207 3382 a
2232 3327 2466 3384 Vitellio
2492 3327 2738 3396 primum
2767 3325 2918 3396 apud

621 3407 987 3474 Placentiam,
1009 3407 1213 3461 dehinc
1228 3408 1380 3476 apud
1392 3407 1713 3460 Betriacum
1724 3407 1913 3461 uictus
1929 3407 2095 3476 (Vict.
2110 3409 2258 3464 Caes.
2272 3407 2692 3474 7,2Veronensi
2709 3407 2918 3477 proelio

621 3487 816 3556 pulsus
854 3490 977 3557 est).
1049 3488 1197 3542 Oros.
1241 3487 1363 3541 VII
1382 3491 1439 3553 8,
1468 3492 1503 3542 6
1540 3486 1688 3542 Otho
1721 3503 1854 3544 ‚cum
1884 3529 1896 3542 .
1930 3529 1942 3541 .
1974 3529 1987 3542 .
2015 3487 2230 3542 bellum
2267 3486 2436 3542 ciuile
2473 3487 2704 3542 molitus
2740 3487 2918 3541 tribus

620 3567 863 3636 primum
910 3566 1131 3621 leuibus
1170 3569 1257 3636 (ex
1295 3568 1591 3636 Eutropio)
1627 3567 1860 3636 proeliis
1873 3609 1887 3633 ,
1937 3567 2046 3622 hoc
2081 3571 2168 3622 est
2213 3585 2326 3622 uno
2369 3568 2524 3637 apud
2557 3567 2757 3637 Alpes,
2809 3567 2919 3621 alio

623 3647 773 3702 circa
800 3646 1166 3712 Placentiam,
1205 3647 1375 3702 tertio
1414 3646 1566 3700 circa
1598 3646 1804 3714 locum,
1842 3665 2010 3716 quem
2047 3647 2304 3702 Castores
2341 3650 2484 3717 (aar.
2515 3647 2789 3716 Castoris)
2824 3663 2918 3701 uo·

623 3729 771 3793 cant,
810 3729 1004 3782 contra
1030 3724 1370 3780 Vitellianos
1407 3727 1577 3782 duces
1616 3743 1948 3797 congressus
1976 3727 2160 3784 uictor
2193 3729 2492 3795 extitisset,
2530 3730 2732 3798 quarto
2771 3727 2920 3797 apud

622 3805 955 3860 Bedriacum
991 3805 1204 3875 proelio
1242 3824 1369 3860 cum
1405 3807 1903 3862 animaduertisset
1939 3825 2068 3862 suos
2104 3808 2286 3874 uinci,
2321 3851 2332 3862 .
2367 3853 2377 3864 .
2411 3850 2423 3862 .
2463 3823 2584 3864 sese
2619 3807 2918 3863 interfecit.

766 3963 800 4010 4
826 3973 1173 4026 praeponere
1201 3962 1348 4028 (pre-
1376 3961 1431 4028 δ)
1454 3961 1579 4025 Me,
1613 3974 1851 4028 propere
1874 3959 1994 4030 HQ,
2032 3962 2390 4030 praepostere
2419 3961 2654 4032 Bentley
2763 3965 2795 4012 6
2823 3958 2919 4012 ha·

622 4037 849 4094 beretur
883 4037 998 4092 ΠΤ
1031 4039 1223 4110 (uuly.)
1404 4044 1436 4092 8
1474 4038 1737 4092 uictimas
1759 4071 1824 4079 —
1847 4041 2082 4108 c(a)esas
2121 4045 2180 4096 Χ
2355 4045 2386 4094 9
2425 4039 2568 4094 dicti
2605 4047 2657 4095 et
2689 4041 2820 4094 exto
2855 4039 2924 4094 M

626 4124 692 4172 13
730 4117 917 4187 quoad
955 4119 1210 4186 Kraffert
1356 4123 1420 4172 1⁷
1458 4117 1546 4172 illi
1572 4123 1652 4184 X,
1689 4117 1788 4174 ille
1835 4119 2072 4176 Ursinus
2265 4125 2336 4174 20
2371 4119 2722 4176 Placentiam
2757 4136 2922 4188 usque

624 4199 979 4268 maximoque
1009 4216 1108 4254 om.
1131 4199 1271 4270 11¹9
1297 4201 1593 4254 merentes
1632 4197 1801 4254 factis
1829 4205 1958 4254 ante
1985 4199 2138 4270 apud
2310 4202 2524 4256 castros
2543 4199 2797 4266 L¹POT,
2834 4215 2918 4253 ca-

626 4277 787 4332 stoh's
808 4278 887 4334 L²
995 4284 1061 4332 21
1097 4279 1411 4334 bretiacum
1443 4279 1712 4350 (breciac-
1736 4279 1863 4347 GH,
1881 4279 2182 4335 bretiamc-
2205 4281 2328 4352 QR)
2343 4283 2398 4335 Ω.
2507 4285 2576 4334 23
2607 4278 2922 4335 consaluta-

624 4357 779 4413 tione
798 4358 948 4429 11¹9,
988 4358 1406 4417 consultatione
1434 4362 1528 4415 rel.
1558 4366 1608 4415 et
1625 4358 1709 4414 L²
1737 4361 1823 4428 (de
1843 4361 1922 4414 L¹
1948 4378 2062 4415 non
2083 4377 2319 4430 prorsus
2344 4363 2598 4430 emutat),
2633 4362 2812 4415 nescio
2847 4377 2918 4414 an

624 4439 821 4494 rectius
850 4441 939 4508 (cf.
968 4443 1176 4510 comm.)
1288 4446 1355 4494 24
1393 4439 1744 4495 moriendum
1779 4441 1976 4508 petum
2009 4443 2248 4511 (-potum
2277 4440 2380 4503 11¹)
2395 4441 2650 4506 MGLP,
2687 4439 2920 4494 morien-

627 4517 760 4572 dum
798 4519 1023 4573 Raetiam
1061 4520 1132 4586 (R.
1160 4537 1226 4574 ex
1252 4519 1297 4573 P
1325 4522 1484 4589 corr.)
1514 4521 1558 4576 S
