3259 5209
579 409 708 463 XIV
1521 408 1931 463 PRAEFATIO

473 581 540 639 X
547 572 562 594 '
583 598 716 638 care
761 596 1090 655 possemuS,
1157 581 1208 637 si
1265 578 1426 637 aliud
1485 579 1814 654 exemplum
1862 581 2167 637 seruatum
2214 582 2382 652 esset,
2432 578 2591 653 quod
2641 579 2704 637 X
2712 569 2729 591 '
2774 596 2876 653 ap-

579 668 764 744 pello,
837 670 1162 726 communis
1236 686 1452 743 parens
1522 668 1830 726 uariorum
1902 668 2195 741 codicum,
2266 686 2518 743 quorum
2592 684 2878 727 consensu

581 760 832 833 apparet
895 756 1302 815 emendatiora
1365 756 1449 814 ibi
1515 757 1779 815 extitisse
1844 756 1965 814 fere
2032 756 2249 831 decies,
2316 758 2689 831 corruptiore
2744 757 2879 833 plus

581 846 781 905 uicies.
797 838 846 925 ¹)
945 847 1184 904 inerant
1247 848 1556 920 praeterea
1618 864 1967 921 graecorum
2030 845 2459 904 uocabulorum
2520 846 2877 921 interpreta-

533 946 540 951 '
583 937 800 993 menta.
815 930 863 1007 ²)
955 935 1110 993 inter
1165 934 1302 993 illos
1351 935 1526 993 facile
1573 935 1902 1010 principem
1948 935 2142 993 locum
2190 934 2421 993 obtinet
2478 934 2662 993 codex
2710 934 2876 993 Vati·

499 1025 758 1085 Vcanus
811 1025 978 1082 1904
1029 1016 1174 1103 (V),
1221 1025 1446 1082 maiore
1501 1023 1616 1080 fide
1675 1023 1889 1099 dignus
1952 1042 2133 1098 quam
2192 1024 2273 1089 G,
2340 1025 2614 1100 quamuis
2682 1027 2877 1082 aetate

583 1112 767 1189 paulo
821 1113 1084 1172 inferior.
1177 1113 1543 1171 examinanti
1594 1112 1747 1171 mihi
1807 1132 1842 1170 a
1893 1114 2061 1171 1894
2111 1114 2269 1171 circa
2316 1133 2368 1172 a.
2402 1117 2430 1170 1
2449 1116 2573 1173 100
2620 1114 2879 1187 scriptus

583 1220 709 1261 esse
754 1200 920 1261 uisus
968 1208 1072 1261 est.
1089 1193 1141 1280 ³)
1233 1202 1337 1259 diu
1385 1205 1584 1259 autem
1631 1201 1813 1259 latuit
1868 1201 2033 1274 liber,
2090 1220 2157 1259 ex
2208 1220 2325 1277 quo
2371 1200 2610 1277 Lipsius
2657 1202 2879 1278 aliique

581 1308 804 1367 paucas
850 1290 1131 1350 lectiones
1180 1295 1606 1367 excerpserant,
1653 1290 1839 1349 donec
1884 1288 1959 1348 ab
2006 1289 2287 1349 Vdalrico
2333 1288 2591 1349 Koehler
2633 1293 2880 1349 inuesti-

583 1383 758 1457 gatus
815 1382 930 1453 est,
991 1380 1098 1455 qui
1141 1377 1404 1439 Gustavo
1449 1380 1677 1438 Becker
1730 1372 2065 1460 contulit.4)
2158 1378 2423 1438 continet
2470 1379 2697 1456 glossas
2745 1398 2880 1455 par·
2954 1402 2960 1407 ·

581 1469 692 1527 tim
757 1487 938 1527 manu
1006 1469 1254 1544 antiqua
1318 1468 1540 1545 partim
1600 1469 1925 1527 recentiore
1990 1468 2268 1543 scriptas,
2342 1487 2596 1544 quarum
2671 1472 2878 1527 auctor

583 1557 842 1616 eiusdem
909 1557 1030 1616 fere
1096 1558 1324 1616 farinae
1397 1560 1488 1617 est
1547 1561 1730 1632 atque
1804 1562 2098 1616 corrector
2160 1557 2522 1616 Memmiani.
2541 1549 2593 1637 ⁵)
2703 1557 2879 1616 ualde

583 1649 782 1705 autem
840 1646 1155 1705 dolendum
1202 1649 1319 1719 est,
1374 1645 1529 1723 quod
1578 1644 1759 1705 codex
1806 1646 2120 1705 mutilatus
2166 1644 2241 1704 ad
2290 1665 2395 1706 nos
2443 1647 2735 1724 peruenit,
2782 1646 2877 1704 de-

581 1734 784 1794 ficiens
847 1736 910 1792 in
977 1736 1139 1793 uitae
1197 1734 1320 1793 Cal.
1359 1754 1404 1793 c.
1448 1737 1484 1793 3
1552 1735 1749 1793 uerbis
1816 1736 2039 1793 dicrota
2104 1754 2215 1793 sua
2278 1752 2343 1793 re
2403 1726 2877 1815 (p.16324)⁶)

582 1823 904 1883 fidissimus
940 1828 1078 1899 post
1113 1824 1555 1897 Memmianum,
1602 1842 1859 1899 quocum
1897 1826 2242 1898 saepissime
2289 1826 2584 1883 consentit
2596 1815 2666 1902 ⁷),
2712 1826 2882 1883 testis

583 1914 706 1971 dici
767 1918 992 1989 potest,
1058 1915 1331 1990 quamuis
1397 1915 1723 1971 innumeris
1789 1912 2085 1972 erroribus
2148 1912 2373 1971 scribae
2439 1914 2670 1972 incuria
2734 1915 2882 1971 ortis

585 2002 930 2077 lacunisque
977 1995 1326 2077 foedatus.⁸)
1400 2002 1458 2059 in
1507 2004 1852 2061 uniuersum
1897 2002 2085 2080 igitur
2129 2008 2199 2060 ut
2238 2002 2414 2080 longe
2451 2020 2488 2060 a
2524 2001 2883 2060 Memmiano

583 2094 901 2167 superatur
947 2090 1034 2147 ita
1080 2091 1142 2148 in
1190 2092 1440 2169 singulis
1489 2090 1839 2165 quibusdam
1888 2091 2101 2168 dignus
2147 2094 2237 2149 est
2284 2092 2389 2165 qui
2435 2089 2725 2164 laudetur,
2786 2090 2882 2149 uel

585 2183 831 2257 propter
883 2182 1116 2238 numeri
1171 2184 1374 2239 notam
1431 2200 1486 2255 p.
1532 2182 1673 2253 13,2
1732 2186 2005 2238 accurate
2064 2182 2397 2253 exaratam,
2462 2198 2645 2256 quam
2702 2181 2763 2237 in
2810 2179 2891 2237 M

585 2328 933 2335 ————-—

769 2424 819 2487 1)
859 2420 938 2474 Cf.
960 2420 1400 2486 Preud'homme,
1429 2419 1735 2473 Troisieme
1757 2420 1923 2473 stude
1944 2438 1999 2488 p.
2022 2425 2087 2473 26
2110 2438 2190 2488 sq.
2223 2419 2643 2473 emendationes
2670 2419 2881 2487 plerae-

585 2510 694 2561 que
735 2509 905 2561 opera
945 2492 1054 2544 leui
1102 2491 1344 2545 inueniri
1391 2494 1669 2560 poterant.
1735 2492 2019 2561 grauiores
2069 2491 2241 2544 habes
2288 2510 2341 2559 p.
2385 2495 2537 2558 79,17
2578 2494 2635 2543 et
2675 2496 2882 2555 156,16.

584 2562 657 2617 de
686 2563 924 2618 lectione
955 2582 1008 2631 p.
1041 2569 1106 2615 54
1113 2569 1196 2629 ,15
1227 2562 1549 2633 ambigitur
1615 2564 1684 2616 de
1713 2563 1836 2616 loco
1865 2562 2103 2615 notabili
2134 2568 2288 2630 42,16
2318 2580 2373 2615 ιι.
2402 2581 2457 2630 p.
2483 2562 2703 2615 XLVIII
2732 2565 2805 2630 (ι’.
2795 2585 2805 2595 ·
2828 2562 2882 2629 l).

767 2640 819 2702 2)
861 2634 1062 2689 Omnia
1091 2634 1337 2699 exhibui,
1367 2634 1684 2687 accuratius
1715 2652 1881 2702 quam
1913 2636 2043 2687 sunt
2072 2634 2227 2686 edita
2254 2634 2441 2687 Herm.
2464 2638 2529 2687 36
2562 2652 2615 2702 p.
2638 2639 2735 2686 361
2764 2652 2883 2701 sqq.

769 2711 820 2775 3)
858 2706 1093 2775 Propter
1124 2706 1390 2774 temporis
1421 2706 1713 2788 angustias
1752 2708 1933 2758 totum
1963 2704 2210 2758 conferre
2240 2722 2351 2758 non
2390 2705 2566 2773 potui.
2632 2721 2885 2757 excusse-

587 2780 721 2830 runt
758 2777 1189 2844 diligentissime
1229 2795 1416 2830 meum
1462 2778 1520 2829 in
1567 2794 1729 2829 usum
1770 2776 2087 2830 Gerhardus
2130 2776 2327 2829 Ficker
2372 2776 2584 2829 amicus
2623 2775 2885 2828 Halensis

591 2855 757 2917 (nunc
801 2849 1086 2902 Kiliensis·
1135 2851 1193 2901 et
1230 2849 1291 2901 R.
1325 2848 1538 2918 Biirger
1575 2847 1978 2917 Gottingensis.
2045 2847 2264 2901 saeculo
2304 2847 2378 2901 XI
2418 2847 2507 2900 uel
2544 2846 2647 2899 XII
2684 2847 2886 2899 tribuit

587 2920 657 2974 V.
687 2920 952 2986 Koehler,
991 2920 1208 2973 ineunti
1247 2919 1320 2971 XI
1359 2919 1556 2973 Preud’
1561 2920 1781 2972 homme
1822 2919 2146 2988 gTroisieme
2185 2920 2436 2986 etudep
2399 2938 2453 2986 p.
2486 2924 2591 2974 64).
2666 2936 2883 2970 mecum

590 2991 808 3044 faciunt
835 3006 999 3052 (saec.
1031 2990 1298 3047 ΧΙ-ΧῙΙ)
1339 3008 1476 3059 quos
1508 2989 1762 3045 consului
1794 3008 1883 3043 uu.
1916 2991 2009 3043 dd.
2039 2990 2266 3059 Nogara
2299 2989 2533 3042 Mercati
2563 2988 2622 3041 P.
2645 2988 2884 3042 Franchi

587 3063 683 3115 dei
723 3062 994 3116 Cavalieri
1033 3062 1288 3116 Romani.

771 3139 822 3186 4)
863 3134 1128 3203 Symbola
1165 3134 1302 3202 phil.
1343 3134 1516 3185 Bonn.
1573 3152 1627 3201 p.
1660 3138 1761 3186 687
1784 3150 1903 3200 sqq.

769 3210 820 3259 5)
861 3206 1086 3259 Glossas
1125 3204 1470 3273 antiquiores
1501 3208 1563 3257 ut
1592 3204 1966 3272 exscripserat
1992 3202 2054 3256 (Ξ.
2086 3202 2300 3266 Ficker,
2340 3201 2567 3255 exhibui
2598 3202 2783 3255 Herm.
2816 3208 2883 3255 36

590 3294 645 3345 p.
676 3281 778 3329 359
801 3295 881 3345 sq.
931 3278 1074 3330 adde
1115 3279 1414 3330 adnotatas
1454 3276 1524 3329 ad
1563 3295 1616 3344 p,
1650 3282 1770 3339 95,8
1814 3282 2002 3340 101,12
2045 3280 2164 3340 123,
2170 3280 2225 3337 7,
2270 3277 2325 3326 et
2362 3292 2416 3342 p.
2452 3280 2605 3339 1³5ss
2655 3275 2883 3327 cotissdm

587 3366 722 3402 nam
768 3366 958 3416 «supra
1006 3352 1275 3403 οιῌιιιιαηι).
1351 3346 1647 3415 posteriori
1690 3346 1880 3399 manui
1926 3346 2201 3398 debentur
2245 3345 2380 3397 haec
2431 3363 2464 3397 a
2502 3345 2747 3414 Biirgero
2796 3362 2887 3397 ex-

588 3422 812 3503 ceptae:
852 3438 906 3488 p.
939 3428 1041 3487 2υ,·
1034 3426 1110 3472 .’.6
1117 3426 1180 3473 27
1213 3420 1482 3474 orchestra
1509 3421 1659 3472 locus
1687 3422 1748 3471 in
1774 3436 1937 3473 scena
1965 3420 2025 3471 in
2055 3434 2158 3485 quo
2191 3424 2463 3470 senatores
2493 3434 2559 3469 ac
2588 3420 2885 3485 principe-3,

592 3494 767 3545 circus
800 3509 1064 3546 romanus
1103 3510 1136 3543 α
1175 3494 1406 3544 circu-itu
1445 3492 1594 3544 locus
1640 3491 1934 3555 rotundus,
1982 3490 2205 3556 euripus
2234 3490 2457 3572 pisce-no
2496 3506 2667 3541 mame-
2703 3490 2883 3553 factm

592 3568 748 3629 21,13
789 3565 1112 3617 intercalare
1147 3565 1184 3615 i.
1225 3565 1504 3629 interpone
1507 3580 1584 3625 re3
1636 3566 1720 3624 24,
1725 3566 1791 3613 28
1836 3562 1903 3615 Ν
1933 3560 2131 3613 ardor&
2174 3561 2553 3629 maryaritaru
2592 3577 2698 3627 pro
2728 3577 2884 3627 papa

580 3636 783 3702 pau103
845 3640 911 3686 26
917 3640 1001 3699 2,4
1056 3635 1198 3687 mira
1249 3636 1544 3703 marqarite
1587 3636 2009 3700 pretini-1065
2062 3632 2361 3684 alexander
2412 3648 2447 3683 α
2499 3632 2699 3697 lisippo
2749 3632 2889 3699 tinqi

592 3707 661 3759 ab
700 3708 869 3773 apelle
899 3706 1062 3775 pinyi
1102 3707 1528 3771 uoluit3106,11
1562 3706 1726 3772 pellis
1754 3704 1923 3757 uituli
1958 3705 2167 3755 marini
2195 3704 2480 3771 Auyustus
2516 3709 2705 3756 contra
2747 3704 2885 3756 tom'-

593 3782 723 3830 trua
759 3778 1050 3830 circutulit.

772 3852 823 3901 6)
862 3848 923 3900 In
963 3848 1154 3900 infima
1191 3847 1374 3915 prima
1411 3846 1532 3899 folii
1581 3852 1647 3897 52
1690 3846 1913 3915 pagina.
1982 3845 2039 3896 in
2088 3845 2333 3897 secunda
2372 3843 2698 3896 Suetonium
2739 3842 2885 3895 exci-

590 3918 758 3988 piunt
796 3920 1100 3972 recentiore
1147 3936 1317 3971 manu
1365 3918 1598 3985 scripta:
1652 3918 1735 3971 Dc
1774 3918 2055 3970 cuiusdam
2107 3918 2419 3969 claustralis
2470 3918 2590 3969 uita
2639 3922 2687 3968 et
2724 3932 2885 3968 morz-

591 3992 692 4045 bus
721 4008 834 4057 eqs.
875 3992 993 4043 tum
1025 3990 1278 4058 sequitur
1314 3989 1408 4042 fol.
1432 3996 1498 4041 54
1529 3991 1663 4043 liber
1690 3990 1933 4042 sallustii
1959 3988 2399 4056 loretorioyraphi.
2458 3986 2683 4053 scripsit
2712 3985 2888 4055 igitur

591 4061 856 4115 librarius
887 4062 1180 4114 dimidiam
1219 4062 1331 4113 fere
1363 4061 1545 4128 operis
1583 4063 1819 4128 partem,
1858 4060 2004 4126 quod
2038 4058 2410 4125 suspicionem
2443 4057 2634 4109 iniecit
2665 4056 2886 4110 Moebio

595 4133 813 4200 (Philol.
847 4132 868 4185 1
911 4140 1045 4186 1846
1075 4152 1128 4201 Ρ.
1159 4140 1282 4187 634)
1326 4132 1660 4185 Vaticanum
1691 4130 1898 4184 codicis
1929 4129 2185 4198 bipartiti
2226 4140 2444 4197 partem
2484 4129 2723 4196 priorem
2764 4146 2883 4180 esse

594 4206 668 4259 ad
705 4204 886 4257 instar
923 4204 1215 4257 Fuldensis
1254 4204 1401 4257 libri.

777 4284 826 4329 7)
867 4276 1093 4343 Becker,
1133 4276 1320 4343 Symb.
1351 4274 1489 4342 phil.
1527 4275 1703 4326 Bonn.
1734 4292 1787 4341 p.
1820 4278 1919 4325 687
1945 4290 2025 4339 sq.

774 4354 826 4415 8)
865 4348 1118 4401 Lacunas
1157 4350 1215 4400 et
1261 4346 1726 4413 transpositiones
1777 4361 1967 4396 omnes
2016 4342 2201 4395 attuli.
2273 4344 2600 4395 mendorum
2649 4342 2888 4408 reliquo-

593 4435 718 4471 rum
757 4438 1018 4489 magnam
1067 4423 1284 4488 partem
1333 4416 1711 4485 praetermisi,
1759 4420 1823 4468 ut
1879 4434 1932 4483 p.
1973 4420 2128 4481 41,18
2166 4416 2421 4468 ‘monstrd'
2466 4416 2683 4472 reueltsst
2732 4418 2887 4477 43,10

595 4492 926 4556 mortectattw,
956 4496 1112 4557 45,19
1142 4492 1380 4557 flamine,
1414 4495 1510 4542 137
1520 4494 1603 4555 ,24
1636 4491 1934 4551 ive-senatus,
1978 4493 2094 4554 145,
2099 4492 2162 4539 27
2196 4488 2434 4554 captiuos
2469 4491 2587 4552 (pro
2620 4492 2888 4553 captarem,

599 4568 718 4629 148,
723 4568 791 4614 20
829 4566 1093 4633 reliyt'tuit
1131 4578 1250 4630 1pr0
1289 4563 1570 4631 releyamt)
1611 4559 1681 4612 al.
