3259 5209
978 457 1158 513 DIVV
1160 459 1196 513 S
1233 457 1613 513 AVGVSTVS
1655 469 1786 519 [car.
1816 470 1991 519 σσ-το]
2547 458 2636 523 93

338 623 523 705 quasi
577 620 957 706 pudicitiam
1014 622 1360 687 delibatam
1416 645 1453 685 a
1510 620 1778 687 Caesare
1823 620 1995 687 Aulo
2053 622 2246 685 etiam
2293 620 2510 685 Hirtio
2569 622 2638 685 in

336 726 655 812 Hispania
713 728 1016 793 trecentis
1074 728 1337 794 milibus
1396 750 1732 794 nummum
1796 729 2220 793 substrauerit
2281 728 2636 812 solitusque

340 836 424 898 sit
473 855 657 899 crura
712 836 1016 900 suburere
1068 857 1232 901 nuce
1286 835 1564 920 ardenti,
1622 857 1753 919 quo
1809 836 2064 900 mollior
2108 836 2282 920 pilus
2329 840 2634 922 surgeret.

338 940 449 1006 sed
495 945 561 1007 et
606 940 885 1027 populus
934 941 1255 1026 quondam
1304 943 1642 1007 uniuersus
1688 943 1990 1006 ludorum
2037 942 2138 1006 die
2176 948 2238 1006 et
2276 942 2524 1026 accepit
2569 942 2638 1005 in

278 1072 307 1114 ι
338 1049 797 1115 contumeliam
862 1050 999 1113 eius
1064 1054 1127 1113 et
1200 1048 1470 1113 adsensu
1538 1049 1822 1113 maximo
1889 1048 2313 1134 conprobauit
2379 1070 2635 1113 uersum

336 1157 527 1237 <cona
564 1156 683 1219 inc.
718 1160 839 1237 sm.
866 1178 936 1237 p.
968 1158 1137 1239 143>
1174 1158 1240 1220 in
1288 1178 1517 1220 scaena
1552 1156 2044 1241 pronuntiatum
2084 1156 2160 1219 de
2199 1155 2371 1241 gallo
2410 1154 2636 1219 Matris

338 1263 528 1327 deum
574 1264 1077 1346 tympanizante:

471 1368 813 1452 uidesne,
858 1374 943 1433 ut
989 1370 1436 1453 cin<a>edus
1484 1370 1744 1434 orbem
1789 1370 2042 1455 digito
2088 1369 2512 1453 temperat?

337 1475 653 1540 adulteria
710 1476 968 1560 quidem
1026 1476 1380 1541 exercuisse
1434 1500 1514 1541 ne
1570 1476 1762 1541 amici
1818 1476 2075 1560 quidem
2131 1480 2397 1562 negant,
2453 1498 2637 1541 excu-
2648 1473 2743 1538 69

252 1608 309 1646 ιο
338 1586 555 1645 santes
610 1604 761 1645 sane
806 1604 939 1647 non
984 1583 1280 1667 libidine,
1335 1584 1446 1648 sed
1492 1584 1742 1648 ratione
1787 1584 2155 1665 commissa,
2207 1606 2334 1667 quo
2379 1582 2637 1648 facilius

337 1688 609 1753 consilia
652 1688 1159 1755 aduersariorum
1221 1712 1335 1773 per
1381 1692 1690 1775 cuiusque
1749 1692 2043 1754 mulieres
2091 1692 2470 1774 exquireret.
2553 1690 2637 1755 M.

337 1796 665 1859 Antonius
721 1818 915 1881 super
968 1798 1303 1862 festinatas
1358 1798 1581 1862 Liuiae
1626 1799 1886 1882 nuptias
1935 1798 2174 1864 obiecit
2223 1801 2288 1861 et
2332 1798 2634 1862 feminam

339 1901 739 1968 consularem
806 1926 841 1967 e
898 1904 1179 1968 triclinio
1246 1904 1369 1967 uiri
1436 1926 1652 1969 coram
1718 1905 1786 1967 in
1849 1905 2216 1969 cubiculum
2279 1904 2640 1986 abductam,

339 2030 561 2073 rursus
607 2010 677 2073 in
722 2010 1095 2075 conuiuium
1144 2010 1521 2076 rubentibus
1578 2011 1884 2077 auriculis
1934 2012 2358 2095 incomptiore
2405 2011 2638 2093 capillo

256 2138 309 2179 15
336 2117 697 2199 reductam3
762 2116 1090 2182 dimissam
1150 2116 1581 2201 Scriboniam,
1647 2120 1796 2201 quia
1860 2118 2124 2183 liberius
2181 2119 2492 2182 doluisset
2545 2120 2638 2181 ni-

340 2222 531 2287 miam
598 2225 955 2306 potentiam
1016 2223 1306 2308 paelicis3
1367 2225 1774 2290 condiciones
1836 2226 2154 2309 quaesitas
2211 2247 2325 2309 per
2379 2226 2640 2308 amicos,

339 2329 447 2413 qui
500 2335 737 2394 matres
782 2330 1063 2395 familias
1111 2336 1175 2395 et
1220 2331 1471 2395 adultas
1520 2336 1729 2395 aetate
1775 2332 2062 2417 uirgines
2109 2332 2502 2396 denudarent
2549 2336 2636 2395 at-

340 2457 465 2518 que
508 2438 969 2522 perspicerent,
1029 2443 1358 2522 tamquam
1396 2438 1674 2502 Toranio
1724 2460 2038 2523 mangone
2085 2438 2417 2503 uendente.
2491 2439 2640 2502 scri·
2677 2450 2708 2497 2

337 2542 437 2605 bit
502 2542 693 2607 etiam
753 2544 831 2607 ad
890 2545 1100 2627 ipsum
1163 2546 1321 2609 h'aec
1388 2544 1791 2609 familiariter
1851 2545 2059 2611 adhuc
2118 2544 2390 2609 necdum
2450 2546 2640 2629 plane

258 2649 643 2713 minimicus
708 2654 821 2713 aut
883 2651 1121 2715 hostis:
1186 2652 1366 2735 quid
1432 2657 1505 2716 te
1564 2652 1950 2715 mutauit?
2032 2651 2232 2734 quod
2296 2652 2638 2736 reginam

342 2756 557 2819 ineo?
606 2778 794 2820 uxor
840 2780 1000 2821 mea
1046 2762 1175 2822 est.
1260 2780 1456 2823 nunc
1504 2760 1727 2843 coepi
1773 2781 1864 2822 an
1910 2758 2189 2823 abhinc
2235 2780 2471 2822 annos
2511 2780 2638 2822 no-

338 2862 553 2926 uem?
597 2866 677 2927 tu
726 2863 997 2929 deinde
1046 2864 1281 2929 solam
1322 2864 1741 2930 Drusillam
1789 2864 1987 2930 inis?
2035 2864 2146 2928 ita
2191 2866 2478 2946 ualea8‚
2525 2866 2638 2928 uti

342 2972 452 3051 tu,
497 2969 692 3036 hanc
740 2971 1153 3055 epistulam
1202 2993 1365 3035 cum
1414 2971 1650 3056 legeS,
1697 2992 1843 3035 non
1893 2971 2166 3035 inieris
2215 2970 2639 3036 Tertullam

340 3078 473 3139 aut
508 3074 1011 3142 Terentillam
1054 3082 1183 3141 aut
1224 3077 1590 3143 Rufillam
1645 3082 1774 3142 aut
1812 3076 2150 3143 Saluiam
2183 3078 2638 3142 Titiseniam

258 3206 310 3245 25
340 3186 475 3245 aut
521 3204 797 3249 omnes.
882 3206 972 3249 an
1018 3185 1287 3268 refert,
1333 3184 1463 3249 ubi
1511 3190 1582 3249 et
1628 3186 1707 3249 in
1752 3207 1898 3269 qua
1943 3184 2282 3271 arrigas‘?

524 3288 695 3354 Cena
753 3312 1007 3375 quoque
1062 3292 1199 3357 eius
1257 3293 1562 3356 secretior
1617 3292 1683 3355 in
1738 3291 1976 3356 fabulis
2031 3292 2182 3373 fuit,
2231 3314 2391 3375 quae
2440 3292 2638 3375 uulgo
2659 3285 2749 3349 70

342 3397 764 3473 δωδεκάθεος
838 3398 1213 3482 uocabatu13
1288 3400 1357 3462 in
1422 3421 1547 3482 qua
1620 3398 1884 3467 deorum
1961 3399 2348 3482 dearumque
2413 3398 2640 3461 habitu

489 3576 554 3623 27
600 3572 755 3641 Epit.
788 3578 847 3637 1,
874 3577 951 3627 22
1001 3572 1151 3626 inter
1202 3572 1495 3626 duodecim
1550 3572 1851 3626 catamitos
1892 3574 2240 3649 totidemque
2277 3572 2498 3642 puellas
2549 3590 2640 3626 ac·

344 3651 553 3705 cubare
592 3651 793 3705 solitus
832 3656 969 3707 erat.

489 3792 521 3838 5
561 3787 804 3839 adsensu
842 3790 982 3856 (asc·
1024 3788 1097 3855 V)
1132 3787 1249 3840 GV
1430 3805 1653 3841 uersum
1675 3820 1739 3827 —
1761 3788 2189 3857 pronuntiatum
2228 3789 2424 3857 H¹Qe‚
2477 3804 2641 3840 uersu

344 3870 529 3933 (uerso
568 3868 641 3935 V)
672 3898 737 3907 —
770 3867 1133 3937 pronuntiato
1170 3868 1359 3935 rel.(.§l)
1508 3874 1539 3921 6
1568 3868 1627 3920 in
1665 3885 1764 3921 om.
1797 3886 1830 3927 ς
1860 3868 2098 3936 (Madd.)
2245 3874 2277 3920 8
2317 3869 2476 3921 uides
2509 3870 2643 3927 HG,

342 3946 515 3999 uiden
542 3948 695 4001 Torr.
846 3954 911 4000 12
942 3947 1121 4001 obicit
1149 3949 1380 4016 Bentley
1528 3953 1593 4001 13
1623 3948 1745 4001 uiro
1777 3965 1809 4007 5
1841 3950 2190 4017 (Beroaldus)
2337 3949 2642 4002 adductam

344 4044 565 4079 rursum
616 4028 665 4081 V
805 4032 873 4080 15
919 4030 977 4081 et
1023 4033 1152 4082 ante
1190 4026 1481 4079 dimissam
1527 4028 1656 4082 add.
1704 4031 1752 4080 Τ
1895 4034 1958 4081 16
2007 4032 2062 4081 et
2111 4036 2237 4081 mete
2283 4028 2642 4081 condiciones

343 4106 474 4160 add.
522 4110 570 4159 'I’
712 4112 775 4159 17
830 4107 927 4175 qui
979 4124 1081 4161 om.
1138 4109 1181 4159 V
1320 4111 1557 4161 matrem
1608 4109 1660 4160 V
1797 4108 1995 4161 adulta
2051 4110 2278 4178 Bentley
2423 4112 2481 4161 et
2517 4124 2643 4176 pro-

346 4186 617 4255 spicirent
658 4187 710 4241 G
930 4194 993 4241 18
1041 4187 1303 4241 thoranio
1351 4192 1505 4257 (-ano
1557 4191 1617 4246 V,
1673 4187 1814 4242 -inio
1849 4190 1919 4257 G)
1955 4191 2024 4242 M
2036 4188 2230 4248 GVY,
2285 4190 2353 4253 cf.
2395 4191 2538 4258 Any.
2569 4193 2644 4240 :27

349 4272 413 4320 19
453 4267 595 4321 haec
632 4268 707 4320 ad
750 4267 935 4335 ipsum
977 4268 1027 4321 G
1174 4273 1241 4321 20
1278 4268 1475 4336 regina
1514 4270 1680 4323 PST
1820 4277 1884 4321 21
1927 4268 2078 4340 ineo]
2118 4286 2241 4322 mea.
2279 4274 2334 4321 X
2365 4271 2512 4337 (mea
2545 4286 2643 4336 po-

346 4349 459 4401 tius
504 4360 669 4416 quam
714 4347 845 4401 inea
882 4350 963 4413 L,
1019 4348 1147 4401 ineo
1194 4356 1459 4403 corrector
1503 4352 1705 4417 rece-ns)
1865 4355 1931 4402 22
1981 4349 2083 4418 uti]
2138 4354 2199 4402 ut
2241 4354 2296 4401 X
2435 4355 2502 4400 24
2550 4348 2644 4401 titi

348 4427 509 4480 senia
548 4429 619 4493 R,
658 4426 1005 4481 titisceniam
1044 4431 1104 4481 H
1314 4436 1381 4482 25
1420 4429 1519 4499 an]
1559 4445 1631 4482 an
1671 4433 1726 4483 te
1771 4429 1884 4498 QR
1929 4436 1976 4482 et
2014 4432 2093 4483 sic
2126 4448 2227 4497 pro
2265 4448 2319 4481 u.
2362 4431 2394 4483 l.
2433 4446 2503 4483 ss.
2547 4430 2644 4493 11²,

344 4524 493 4561 anne
520 4508 605 4561 Πι
732 4508 831 4563 ubi
868 4526 971 4563 om.
1004 4510 1055 4563 G
1182 4526 1351 4576 quam
1381 4527 1413 4568 ς
1524 4514 1590 4561 27
1632 4508 1990 4570 δωδεκάθεος
2017 4528 2116 4564 om.
2154 4511 2221 4574 G,
2261 4509 2644 4562 duodenorum

348 4588 581 4641 deorum
617 4604 687 4643 ss.
728 4590 789 4643 in
838 4590 900 4655 V,
950 4588 1287 4642 dodecateos
1326 4591 1387 4641 in
1426 4590 1469 4643 S
1501 4608 1569 4642 m.
1598 4593 1638 4642 2
