3259 5209
958 430 1178 485 DIVVS
1214 430 1597 485 AVGVSTVS
1637 442 1768 491 [cn.
1801 440 1921 491 1—8]
2499 430 2584 493 49

282 590 505 655 Tullio
561 593 629 655 in
683 592 987 677 patricias
1043 593 1361 677 traducta,
1417 592 1800 678 procedente
1855 598 2144 677 tempore
2201 590 2280 657 ad
2333 592 2586 675 plebem

284 720 357 761 se
406 698 679 787 contulit
725 720 799 763 ae
842 720 1067 763 rursus
1112 720 1348 785 magno
1394 698 1740 763 interuallo
1784 720 1902 783 per
1947 696 2188 763 Diuum
2233 694 2472 763 Iulium
2518 699 2589 763 in

281 805 703 888 patriciatum
740 806 955 879 redit„
1010 806 1258 889 primus
1306 829 1387 871 ex
1429 804 1551 871 hac
1594 806 2047 892 magistratum
2093 805 2320 889 populi
2365 806 2585 871 suffra-

283 911 399 996 gio
458 913 626 996 cepit
683 909 749 976 C.
794 910 1023 976 Rufus,
1114 912 1171 976 is
1227 914 1631 997 quaestorius
1689 912 1801 977 Cn.
1858 916 1922 975 et
1978 910 2046 977 C.
2091 912 2486 996 procreauit,
2549 934 2587 975 a
2624 930 2656 977 2

222 1042 249 1083 ⁵
284 1018 527 1102 quibus
573 1018 811 1102 duplex
845 1016 1261 1083 Octauiorum
1308 1020 1557 1085 familia
1600 1018 1870 1083 defluxit
1907 1018 2279 1083 condicione
2317 1018 2584 1103 diuersa,

283 1123 604 1209 siquidem
675 1124 928 1191 Gnaeus
993 1130 1059 1190 et
1122 1126 1418 1209 deinceps
1488 1126 1569 1191 ab
1636 1147 1712 1190 eo
1784 1125 2020 1209 reliqui
2096 1146 2316 1189 omnes
2379 1124 2586 1190 functi

283 1236 443 1295 sunt
489 1230 845 1297 honoribus
902 1233 1196 1315 summis;
1260 1238 1328 1297 at
1383 1230 1449 1297 C.
1507 1234 1776 1316 eiusque
1830 1232 2102 1317 posteri,
2156 1254 2268 1295 seu
2323 1232 2587 1297 fortuna

282 1358 401 1401 seu
474 1338 837 1423 uoluntate,
903 1339 971 1403 in
1055 1340 1341 1421 equestri
1426 1339 1648 1403 ordine
1723 1339 2152 1403 constiterunt
2225 1360 2432 1422 usque
2507 1338 2585 1401 ad

282 1442 571 1529 Augusti
627 1450 895 1529 patrem.
986 1468 1269 1529 proauus
1307 1444 1590 1531 Augusti
1647 1445 1925 1511 secundo
1963 1444 2209 1509 Punico
2255 1444 2427 1509 bello
2475 1445 2584 1510 sti-

196 1576 251 1615 10
284 1550 523 1633 pendia
584 1551 655 1615 in
718 1550 938 1617 Sicilia
992 1552 1291 1617 tribunus
1352 1552 1636 1617 militum
1691 1552 1845 1617 fecit
1889 1552 2167 1617 Aemilio
2227 1551 2406 1636 Papo
2471 1552 2585 1615 im-

280 1662 599 1741 peratore.
683 1681 841 1723 auus
880 1658 1379 1743 municipalibus
1416 1660 1808 1744 magisteriis
1845 1662 2183 1723 contentus
2221 1658 2584 1723 abundante

280 1764 680 1847 patrimonio
709 1765 1245 1848 tranquillissime
1282 1767 1511 1830 senuit.
1577 1766 1688 1829 sed
1715 1765 1872 1830 haec
1901 1765 2038 1849 alii3
2076 1765 2216 1849 ipse
2243 1764 2580 1851 Augustus
2622 1781 2654 1829 3

280 1869 453 1934 nihil
498 1872 777 1955 amplius
835 1894 1028 1954 quam
1086 1872 1371 1955 equestri
1426 1872 1673 1937 familia
1718 1876 1932 1937 ortum
1983 1894 2048 1937 se
2097 1871 2323 1936 scribit
2367 1876 2584 1936 uetere

283 1997 361 2040 ac
422 1976 771 2061 locuplete,
836 1982 901 2041 et
964 1979 1032 2042 in
1099 2000 1227 2061 qua
1290 1979 1537 2063 primus
1603 1982 1865 2045 senator
1917 1984 2102 2062 pater
2155 2000 2310 2043 suus
2369 1978 2584 2043 fuerit.

198 2107 251 2147 ιε
282 2080 373 2145 Μ.
421 2080 745 2147 Antonius
799 2084 1173 2148 libertinum
1231 2084 1288 2149 ei
1344 2107 1658 2169 proauum
1714 2085 2090 2169 exprobrat,
2145 2085 2490 2150 restionem
2549 2108 2583 2149 e

282 2210 457 2274 pago
504 2188 794 2253 Thurino
804 2241 823 2273 ,
886 2212 1080 2254 auum
1144 2191 1601 2276 argentarium.
1692 2212 1810 2255 nec
1867 2192 2214 2275 quicquam
2279 2191 2454 2257 ultra
2507 2190 2584 2255 de

280 2296 574 2379 paternis
621 2295 903 2383 Augusti
949 2297 1302 2361 maioribus
1348 2298 1619 2381 repperi.

466 2401 533 2467 C.
580 2401 886 2467 Octauius
941 2408 1126 2487 pater
1170 2427 1207 2467 a
1251 2404 1571 2489 principio
1627 2404 1858 2469 aetatis
1913 2408 1979 2468 et
2032 2426 2102 2467 re
2149 2407 2214 2467 et
2261 2405 2582 2469 existima·
2616 2398 2659 2463 3

280 2509 464 2573 tione
508 2530 744 2595 magna
787 2508 931 2593 fuit,
976 2514 1052 2573 ut
1096 2510 1397 2593 equidem
1437 2512 1633 2575 mirer
1669 2510 1842 2575 hunc
1881 2532 2142 2594 quoque
2181 2534 2218 2575 a
2252 2512 2582 2577 nonnullis

197 2639 251 2679 ιο
280 2616 723 2699 argentarium
788 2620 985 2699 atque
1049 2616 1243 2680 etiam
1307 2618 1477 2681 inter
1541 2616 1856 2683 diuisores
1921 2638 2279 2701 operasque
2334 2640 2582 2702 campe-

280 2725 451 2785 stres
514 2722 872 2807 proditum3
938 2722 1169 2807 amplis
1235 2724 1405 2787 enim
1470 2724 1823 2788 innutritus
1887 2723 2121 2808 opibus
2183 2722 2462 2787 honores
2519 2729 2584 2787 et

282 2826 557 2911 adeptus
633 2832 731 2893 est
802 2828 991 2894 facile
1062 2834 1129 2893 et
1200 2831 1456 2915 egregie
1538 2830 2028 2895 administrauit.
2129 2852 2206 2893 ex
2281 2835 2582 2914 praetura

280 2933 725 2998 Macedoniam
763 2936 1029 2999 sortitus
1076 2935 1408 3021 fugitiuos,
1455 2936 1776 3002 residuam
1823 2935 2114 3020 Spartaci
2162 2940 2227 2999 et
2267 2934 2580 3000 Catilinae

280 3062 573 3124 manum,
628 3039 1093 3128 Thurin[g]um
1148 3064 1377 3127 agrum
1431 3044 1710 3107 tenentis
1763 3044 1834 3107 in
1877 3043 2105 3107 itinere
2153 3041 2420 3126 deleuit,
2474 3065 2582 3106 ne-

200 3171 251 3211 2⁵
278 3148 467 3233 gotio
530 3143 689 3212 sibi*
721 3150 789 3213 in
852 3154 1079 3213 senatu
1135 3154 1319 3213 extra
1372 3148 1660 3215 ordinem
1717 3150 1886 3215 dato.
1966 3150 2337 3235 prouinciae
2401 3171 2578 3233 prae-
2617 3160 2650 3207 2

280 3253 412 3318 fuit
456 3276 588 3318 non
634 3254 881 3319 minore
926 3255 1177 3320 iustitia
1222 3278 1413 3340 quam
1461 3257 1868 3341 fortitudine3
1920 3278 2198 3341 namque
2243 3254 2458 3320 Bessis
2504 3277 2580 3321 ac

428 3524 493 3607 16
532 3556 599 3621 cf.
640 3555 734 3609 Ps.
778 3556 885 3609 Cic.
924 3556 1076 3623 epist.
1115 3554 1191 3609 ad
1234 3554 1343 3609 Oet.
1384 3558 1419 3607 9
1456 3555 1613 3607 cuius
1653 3573 1794 3609 auus
1831 3556 2002 3609 fuerit
2039 3556 2406 3627 argentarius.

427 3819 453 3864 1
494 3813 711 3881 patrias
764 3818 814 3869 et
870 3813 922 3865 ci
975 3830 1042 3867 ss.
1094 3813 1189 3880 M,
1241 3814 1513 3882 patricios
1562 3830 1594 3872 ς
1741 3820 1771 3865 2
1811 3830 2016 3881 magno
2062 3813 2362 3869 interuallo
2403 3832 2506 3883 per
2543 3831 2576 3875 ς

278 3894 442 3947 multi
494 3900 544 3947 et
595 3893 675 3946 sic
718 3894 779 3947 in
842 3893 893 3946 V
930 3911 999 3947 m.
1050 3910 1181 3959 rec„
1243 3910 1449 3963 magno
1514 3894 1815 3947 interuallo
1885 3895 1990 3947 VL
2009 3895 2096 3960 0¹,
2169 3911 2375 3963 magno
2429 3895 2577 3948 inter

280 3971 541 4042 M(P¹?),
596 3988 805 4043 magna
856 3972 917 4026 ui
970 3990 1071 4041 per
1124 3972 1407 4027 TP²02T
1448 3975 1673 4043 (magno
1713 3974 1805 4039 1³¹,
1861 3975 1922 4027 ui
1966 3990 2068 4042 per
2121 3992 2188 4027 m.
2236 3979 2274 4029 2
2321 3976 2382 4029 in
2426 3978 2576 4043 ras),

276 4068 487 4123 magno
532 4052 831 4105 interuallo
888 4056 1019 4105 ante
1074 4059 1124 4107 et
1168 4070 1237 4107 ss.
1285 4056 1372 4123 (m.
1412 4054 1506 4123 152)
1552 4053 1646 4107 uel
1691 4070 1901 4124 magna
1955 4055 2014 4107 ui
2069 4071 2170 4123 per
2222 4056 2288 4121 S,
2342 4071 2575 4123 magna-

276 4151 508 4204 nimiter
551 4168 654 4219 per
694 4150 745 4205 G
780 4136 968 4221 (nimit
1002 4169 1040 4222 p
1074 4153 1137 4204 in
1171 4169 1279 4206 rae.
1320 4170 1388 4205 m.
1430 4158 1488 4218 1,
1534 4153 1660 4205 item
1708 4153 1844 4205 dimi
1889 4152 1968 4221 iu)
2115 4158 2146 4205 3
2194 4153 2363 4205 rediit
2404 4153 2454 4205 G
2475 4154 2583 4206 ΤΤ

276 4237 313 4283 4
350 4231 701 4297 quaestorios
732 4247 941 4300 gneum
979 4234 1037 4285 et
1064 4231 1255 4301 gaium
1290 4232 1342 4285 G
1487 4236 1554 4283 10
1590 4248 1742 4301 papo
1772 4233 1980 4300 (pappo
2007 4232 2077 4300 G)
2111 4232 2296 4297 GVY,
2333 4231 2502 4300 paulo
2523 4236 2582 4285 X

276 4318 328 4366 et
371 4313 453 4367 sic
498 4311 561 4364 in
602 4328 771 4381 mar-9.
814 4312 867 4365 V
896 4330 963 4365 m.
1004 4317 1063 4377 1,
1126 4311 1439 4380 **paulo**
1482 4314 1557 4367 M
1596 4314 1781 4377 (binae
1827 4312 1915 4365 uel
1975 4318 2158 4366 ternae
2205 4313 2306 4367 litt.
2350 4316 2572 4377 erasae),

276 4388 451 4459 paulo
478 4392 571 4445 uel
594 4406 742 4459 papo
760 4408 869 4459 pro
898 4408 953 4445 u.
976 4392 1010 4445 Ζ.
1030 4392 1208 4446 adscr.
1229 4394 1290 4445 in
1308 4392 1497 4446 multis
1520 4408 1553 4452 ς
1683 4398 1748 4445 18
1789 4391 1917 4446 Gaii
1946 4392 2155 4444 octauii
2181 4392 2232 4445 G
2360 4398 2424 4445 21
2457 4408 2574 4444 am-

275 4470 429 4540 plius
468 4470 561 4535 V1,
599 4470 961 4541 amplissimis
994 4472 1045 4525 G
1198 4478 1265 4526 22
1306 4472 1415 4543 est]
1454 4473 1539 4525 est
1576 4474 1633 4525 et
1666 4474 1740 4526 M
1889 4478 1954 4524 23
1995 4472 2322 4539 thuringum
2361 4473 2496 4540 (tur-
2516 4472 2574 4538 S,

275 4551 497 4619 tir-ung·
536 4551 605 4619 T)
634 4552 714 4617 52,
750 4568 884 4606 corr.
924 4552 1004 4605 ed.
1046 4552 1261 4605 Bonan.
1293 4556 1441 4605 1488
1589 4558 1656 4605 25
1694 4552 1777 4623 in]
1808 4568 1840 4604 a
1873 4554 2176 4606 DIommsen
2206 4554 2292 4620 (P.
2322 4553 2572 4619 Thomas)

386 4648 659 4689 svn-romu
686 4650 755 4690 ed.
782 4651 916 4690 Ihm.
971 4652 1008 4691 1.
2111 4648 2144 4693 4
