3259 5209
1213 440 1456 495 GALBA
1493 451 1626 502 [car.
1658 453 1831 501 10—14]
2537 440 2620 504 27
2626 440 2665 504 9

369 605 601 688 capitis
639 605 981 671 adfecisset
1024 626 1172 668 cum
1210 603 1592 690 coniugibus
1638 625 1711 668 ac
1747 603 2000 687 liberis3
2046 603 2347 687 quodque
2384 603 2665 669 oblatam

369 735 411 776 a
473 711 1056 776 Tarraconensibus
1121 732 1156 775 e
1219 715 1436 775 uetere
1495 710 1741 795 templo
1800 707 1977 775 Iouis
2042 731 2345 776 coronam
2410 718 2665 776 auream

371 819 678 884 librarum
727 819 1094 904 quindecim
1155 817 1496 882 conflasset
1541 839 1617 883 ac
1676 821 1807 882 tres
1854 819 2105 899 uncias,
2176 839 2339 902 quae
2398 817 2665 903 ponderi

366 925 648 1010 deerant,
694 926 985 989 iussisset
1029 924 1218 1010 exigi.
1302 945 1378 988 ea
1430 924 1604 988 fama
1660 927 1724 988 et
1770 923 2147 988 confirmata
2200 928 2266 988 et
2320 929 2506 988 aucta
2552 929 2668 1010 est,
2703 940 2735 988 a

311 1054 338 1095 s
367 1038 441 1096 ut
487 1033 770 1115 primum
815 1032 1040 1096 urbem
1089 1031 1358 1095 introiit.
1441 1053 1590 1096 nam
1640 1053 1785 1096 cum
1836 1030 2223 1116 classiarios,
2280 1052 2442 1116 quos
2486 1029 2663 1096 Nero

365 1160 445 1202 ex
481 1137 834 1225 remigibus
871 1139 1078 1203 iustos
1117 1137 1360 1203 milites
1385 1137 1645 1219 fecerat,
1680 1137 1887 1202 redire
1923 1136 2003 1201 ad
2038 1137 2383 1223 pristinum
2422 1141 2661 1202 statum

366 1250 642 1330 cogeret,
686 1246 1042 1310 recusantis
1079 1249 1272 1328 atque
1311 1245 1573 1330 insuper
1609 1243 1892 1328 aquilam
1938 1249 2006 1308 et
2051 1243 2237 1330 signa
2271 1244 2663 1329 pertinacius

364 1353 720 1438 flagitantis
779 1372 910 1415 non
969 1350 1162 1416 modo
1219 1352 1487 1416 inmisso
1547 1351 1762 1435 equite
1818 1351 2098 1435 disiecit,
2154 1351 2266 1415 sed
2320 1351 2666 1416 decimauit

365 1459 574 1523 etiam.
673 1457 830 1523 item
895 1449 1356 1523 Germanorum
1420 1456 1753 1523 cohortem
1818 1481 1855 1522 a
1916 1457 2295 1523 Caesaribus
2360 1458 2517 1523 olim
2582 1457 2665 1522 ad

283 1589 340 1628 ιο
367 1565 727 1630 custodiam
787 1566 1076 1649 corporis
1141 1565 1506 1630 institutam
1569 1564 1919 1649 multisque
1992 1567 2449 1650 experimentis
2512 1564 2663 1629 fide-

363 1671 677 1737 lissimam
726 1671 1025 1737 dissoluit
1078 1693 1152 1737 ac
1211 1672 1348 1736 sine
1395 1671 1734 1736 commodo
1783 1671 1915 1736 ullo
1961 1673 2212 1736 remisit
2256 1673 2325 1736 in
2371 1672 2662 1756 patriam,

366 1780 551 1863 quasi
597 1777 708 1843 Cn.
749 1777 1138 1862 Dolabellae,
1183 1779 1364 1843 iuxta
1411 1779 1592 1844 cuius
1640 1779 1863 1844 hortos
1908 1779 2229 1862 tendebat,
2273 1777 2659 1862 proniorem.

365 1887 474 1949 illa
536 1907 790 1970 quoque
851 1909 1082 1951 uerene
1143 1908 1225 1950 an
1282 1886 1445 1950 falso
1507 1907 1620 1969 per
1664 1885 2017 1950 ludibrium
2078 1885 2496 1969 iactabantur,
2556 1886 2662 1950 ad·
2699 1899 2731 1948 3

363 1993 576 2076 posita
637 1993 914 2057 lautiore
979 2014 1134 2057 cena
1193 1993 1580 2079 ingemuisse
1646 2015 1820 2075 eum,
1883 1995 1948 2056 et
2011 1991 2335 2057 ordinario
2401 1992 2659 2076 quidem

279 2119 334 2161 ιε
363 2099 790 2183 dispensatori
850 2099 1238 2164 breuiarium
1293 2099 1616 2164 rationum
1675 2099 1966 2164 offerenti
2020 2097 2428 2183 paropsidem
2484 2098 2660 2184 legu-

361 2207 555 2269 minis
625 2228 744 2290 pro
805 2205 1146 2270 sedulitate
1214 2227 1289 2270 ac
1350 2205 1686 2291 diligentia
1754 2205 2139 2290 porrexisse,
2209 2203 2383 2268 Cano
2444 2210 2657 2270 autem

364 2311 704 2376 choraulae
763 2314 924 2377 mire
981 2312 1259 2396 placenti
1333 2311 1624 2377 denarios
1688 2312 1969 2396 quinque
2038 2311 2311 2377 donasse
2372 2312 2681 2396 prolatos-

361 2440 556 2482 manu
603 2441 719 2483 sua
765 2443 798 2484 e
843 2419 1276 2503 peculiaribus
1319 2420 1550 2485 loculis
1597 2420 1751 2484 suis.‘

543 2524 752 2602 Quare
773 2526 1086 2592 aduentus
1107 2528 1243 2590 eius
1271 2547 1404 2590 non
1431 2525 1697 2611 perinde
1726 2529 1945 2610 gratus
1974 2525 2119 2609 fuit,
2141 2526 2334 2610 idque
2363 2527 2656 2609 proximo
2676 2519 2762 2586 13

275 2653 334 2693 ae
361 2633 725 2716 spectaculo
773 2635 1098 2717 apparuit,
1153 2633 1467 2717 siquidem
1515 2631 1833 2698 Atellanis
1879 2633 2291 2697 notissimum
2338 2633 2657 2696 canticum

356 2740 546 2820 <oona
579 2740 701 2820 frq.
731 2761 796 2822 p.
833 2743 1001 2822 333>
1049 2741 1319 2805 exorsis:

962 2845 1270 2931 uenit[i]
1319 2844 1724 2911 Onesimus
1769 2868 1807 2909 a
1853 2847 2045 2911 uilla

357 2953 571 3016 cuncti
628 2953 822 3017 simul
881 2957 1274 3037 spectatores
1330 2953 1769 3018 consentiente
1825 2973 1982 3018 uoce
2036 2954 2349 3036 reliquam
2405 2956 2652 3036 partem

356 3059 830 3141 ret<t>ulerunt
875 3081 950 3124 ac
996 3060 1253 3145 saepius
1291 3082 1484 3124 uersu
1527 3061 1803 3143 repetito
1842 3063 2127 3145 egerunt.
2207 3059 2449 3123 maiore
2495 3058 2653 3124 adeo
2672 3059 2761 3126 14

275 3185 329 3226 ιι
359 3169 426 3228 et
470 3165 693 3230 fauore
752 3172 817 3230 et
871 3168 1251 3232 auctoritate
1313 3166 1581 3250 adeptus
1638 3170 1736 3230 est
1797 3188 1988 3250 quam
2048 3166 2249 3252 gessit
2293 3165 2655 3250 imperium,

358 3294 724 3356 quanquam
777 3273 981 3337 multa
1041 3273 1424 3338 documenta
1471 3272 1714 3359 egregii
1770 3273 2081 3358 principis
2128 3273 2333 3356 daret3
2394 3271 2503 3336 sed
2547 3293 2655 3336 ne-

357 3401 676 3462 quaquam
726 3385 858 3444 tam
906 3386 1090 3465 grata
1136 3385 1334 3463 erant,
1382 3401 1576 3462 quam
1625 3381 1837 3444 inuisa
1883 3401 2045 3463 quae
2092 3399 2272 3443 secus
2319 3378 2563 3442 fierent.

499 3551 530 3598 ὃ
567 3548 638 3614 cf.
680 3547 862 3601 Victor
892 3546 1039 3600 Caes.
1074 3552 1126 3612 6,
1157 3553 1186 3600 1
1241 3545 1338 3598 ubi
1391 3545 1627 3598 Romam
1676 3544 1959 3614 ingressus
2020 3549 2129 3612 est,
2182 3545 2343 3612 quasi
2395 3544 2651 3598 luxuriae

357 3627 458 3678 aut
511 3625 683 3678 etiam
739 3625 1063 3681 crudelitati
1119 3625 1330 3680 auxilio
1393 3625 1816 3692 uentitauisset‚
1882 3641 2078 3694 rapere
2142 3625 2365 3679 trahere
2429 3640 2646 3679 uexare.

355 3711 422 3759 24
463 3706 698 3774 Eutrop.
742 3707 865 3761 VII
883 3712 970 3772 16,
999 3711 1036 3760 2
1074 3706 1240 3759 huius
1270 3706 1438 3760 breue
1466 3706 1768 3774 imperium
1804 3669 1917 3758 'fuit
1954 3708 2011 3758 et
2044 3705 2195 3772 quod
2232 3705 2381 3759 bona
2418 3704 2651 3758 haberet

354 3785 599 3850 exordia,
636 3785 748 3840 nisi
786 3787 858 3840 ad
896 3786 1256 3841 seueritatem
1293 3786 1622 3855 propensior
1657 3785 1957 3839 uideretur.

498 3935 525 3982 1
567 3946 634 3983 ac
661 3929 855 3985 liberis
884 3945 1104 3998 quoque
1127 3931 1214 3994 AM,
1253 3944 1319 3981 ac
1347 3927 1653 3996 liberisque
1682 3929 1717 3980 ὃ
1880 3925 2131 3981 ablatam
2163 3928 2350 3987 ΡΟΤς
2379 3929 2647 3996 (Ernestz)

355 4015 386 4062 3
423 4029 494 4063 xv
527 4010 692 4064 GL‘P
834 4015 896 4063 11
924 4008 1043 4063 ullo
1074 4008 1365 4062 commodo
1395 4011 1454 4062 H
1481 4010 1672 4078 (παῖς.)
1822 4014 1886 4060 12
1918 4006 2203 4060 dolabella
2222 4039 2288 4047 —
2310 4007 2567 4076 proniore
2596 4006 2647 4061 G

357 4096 421 4143 15
459 4089 738 4144 rationem
769 4090 1042 4156 ML¹PT‚
1080 4089 1361 4143 delendum
1392 4095 1560 4157 putat
1587 4089 1854 4142 Biicheler
1891 4089 1978 4155 (cf.
2019 4088 2140 4141 Sen.
2180 4089 2329 4156 epist.
2363 4092 2447 4152 39,
2470 4090 2521 4154 1)
2559 4089 2647 4141 uel

350 4170 506 4224 scrib.
547 4169 887 4224 breuiariam
923 4169 1196 4223 rationem
1349 4183 1454 4236 par
1492 4171 1612 4235 (per
1648 4170 1702 4236 ὃ)
1742 4167 1996 4221 obsidem
2028 4167 2149 4232 Μὸ,
2186 4165 2544 4235 parabsidem
2577 4168 2645 4234 G,

352 4249 714 4320 parapsidem
731 4255 788 4303 X
791 4253 839 4302 Τ
854 4251 1045 4319 (uuly.)
1174 4255 1240 4303 21
1263 4248 1472 4302 exorsis
1494 4248 1803 4302 Beroaldus
1823 4251 1876 4316 (ς
1887 4247 1954 4314 Ρ),
1975 4262 2199 4300 exorsus
2220 4249 2273 4298 ,Ω
2400 4251 2467 4298 22
2488 4247 2647 4300 uenit

353 4328 634 4384 onesimus
654 4330 689 4381 ὃ
709 4330 1268 4399 (Ant.A1⁴9ustinus)‚
1295 4326 1582 4382 uenitione
1607 4328 1763 4394 (ued-
1786 4328 1856 4396 T)
1888 4326 2059 4380 simus
2087 4325 2277 4394 (simul
2296 4326 2365 4396 G)
2387 4328 2439 4378 Ω
2470 4325 2649 4394 (uenit

351 4407 690 4463 Ionesimula
724 4408 867 4462 uilla
896 4409 987 4478 G),
1025 4409 1182 4462 uenit
1215 4407 1268 4461 io
1307 4407 1479 4461 simus
1519 4406 1746 4476 (Simus)
1783 4408 2066 4461 Tur-nebus
2094 4408 2304 4476 (μαίᾳ),
2346 4407 2506 4460 uenit
2539 4406 2645 4460 ohe

353 4488 536 4543 Simus
571 4489 690 4543 Iac.
724 4489 990 4555 Gronov„
1039 4488 1197 4542 uenit
1234 4487 1553 4541 Dorsennus
1595 4487 1677 4540 W
1700 4489 1770 4541 A.
1790 4487 2032 4541 Schmidt
2211 4491 2279 4538 23
2319 4485 2645 4540 concinente

352 4570 583 4640 Bentley
728 4574 794 4622 27
833 4571 998 4639 grata
1036 4568 1190 4640 (ea)
1224 4569 1455 4622 Gasaub.
