3259 5209
1093 473 1150 528 C.
1190 472 1549 528 CALIGVLA
1588 484 1720 533 [cu.
1752 485 1874 533 1—4]
2500 473 2626 536 163

334 642 563 719 matur,
608 641 684 702 ut
729 638 1004 701 tinctum
1051 659 1299 702 ueneno
1347 637 1497 723 igne
1544 637 1772 701 confici
1819 642 2110 720 nequeat.
2195 637 2359 702 obiit
2397 641 2626 720 autem,
2658 636 2698 701 2

334 749 407 808 ut
455 742 676 828 opinio
722 743 867 822 fuit,
912 743 1136 808 fraude
1172 742 1408 826 Tiberi,
1456 743 1814 809 ministerio
1861 747 1926 808 et
1964 765 2159 827 opera
2207 741 2316 808 Cn.
2359 743 2629 824 PisoniS‚

336 851 446 933 qui
510 850 629 914 sub
694 849 860 914 idem
926 854 1183 935 tempus
1250 849 1471 934 Syriae
1534 849 1965 935 praepositae,
2038 871 2157 915 nec
2221 851 2629 916 dissimulans

336 956 782 1022 offendendum
840 956 963 1022 sibi
1024 961 1136 1021 aut
1188 961 1437 1041 patrem
1483 962 1595 1021 aut
1639 956 1874 1036 filium,
1923 957 2107 1040 quasi
2153 957 2340 1042 plane
2388 957 2481 1020 ita
2526 979 2630 1021 ne-

279 1089 305 1128 5
337 1085 512 1128 cesse
560 1067 743 1142 esset,
788 1063 983 1128 etiam
1030 1085 1294 1149 aegrum
1344 1061 1791 1128 Germanicum
1839 1063 2238 1148 grauissimis
2285 1065 2629 1129 uerborum

334 1191 411 1235 ac
456 1191 667 1234 rerum
718 1169 1174 1236 acerbitatibus
1232 1171 1413 1235 nullo
1458 1169 1753 1234 adhibito
1811 1170 2002 1235 modo
2051 1170 2312 1257 adfecit3
2366 1176 2632 1257 propter

335 1299 519 1360 quae,
564 1281 638 1340 ut
682 1275 957 1341 Romam
1002 1277 1209 1360 rediit,
1257 1298 1457 1360 paene
1503 1275 1858 1361 discerptus
1909 1298 1948 1340 a
1990 1276 2265 1361 popuIO,
2322 1301 2358 1342 a
2407 1282 2628 1343 senatu

334 1383 566 1467 capitis
622 1382 955 1448 damnatus
1018 1387 1131 1448 est.
1230 1405 1447 1448 omnes
1498 1381 1880 1447 Germanico
1946 1385 2234 1467 corporis
2301 1383 2624 1468 animique
2655 1381 2698 1447 3

334 1491 629 1572 uirtutes,
678 1494 741 1553 et
786 1493 1055 1573 quantas
1100 1490 1345 1554 nemini
1390 1491 1712 1574 cuiquam,
1759 1491 2111 1575 contigisse
2149 1490 2306 1555 satis
2346 1495 2628 1554 constat:

252 1623 307 1660 ιο
334 1596 607 1660 formam
667 1600 729 1659 et
786 1595 1229 1661 fortitudinem
1278 1596 1629 1682 egregiam,
1686 1597 2018 1681 ingenium
2065 1597 2132 1661 in
2179 1602 2454 1681 utroque
2503 1597 2629 1662 elo·

337 1702 635 1787 quentiae
672 1702 1123 1786 doctrinaeque
1159 1723 1389 1789 genere
1424 1702 1834 1787 praecellens,
1873 1703 2373 1768 beniuolentiam
2415 1705 2628 1790 singu-

336 1809 535 1874 larem
584 1808 1143 1893 conciliandaeque
1180 1808 1515 1874 hominum
1554 1810 1800 1896 gratiae
1839 1832 1914 1876 ac
1951 1811 2356 1894 promerendi
2393 1811 2628 1876 amoris

335 1915 569 1980 mirum
626 1919 692 1979 et
744 1917 973 1981 efficax
1028 1916 1327 1981 studium.
1410 1916 1654 1980 formae
1709 1917 1924 1981 minus
1979 1919 2373 2002 congruebat
2429 1919 2630 2004 graci-

335 2022 485 2086 litas
542 2043 824 2106 crurum,
880 2023 989 2086 sed
1044 2044 1117 2087 ea
1172 2044 1427 2106 quoque
1480 2023 1792 2106 paulatim
1851 2023 2097 2108 repleta
2159 2023 2418 2089 assidua
2480 2025 2628 2108 equi

254 2155 309 2194 ιε»
336 2129 701 2193 uectatione
760 2133 909 2214 post
966 2129 1199 2194 cibum.
1296 2129 1545 2194 hostem
1611 2131 1970 2195 comminus
2041 2153 2231 2215 saepe
2292 2121 2627 2215 percussit.

338 2235 550 2300 orauit
590 2255 811 2300 causas
857 2236 1047 2300 etiam
1096 2235 1531 2321 triumphalis3
1577 2239 1774 2320 atque
1818 2237 1987 2301 inter
2025 2243 2232 2302 cetera
2269 2237 2626 2304 studiorum
2667 2253 2698 2302 2

336 2342 733 2406 monimenta
790 2342 1057 2426 reliquit
1126 2347 1190 2407 et
1268 2342 1627 2408 comoedias
1701 2341 1990 2408 Graecas,
2102 2344 2275 2410 domi
2344 2344 2630 2428 forisque

337 2448 568 2531 ciuilis,
605 2449 806 2514 libera
840 2471 916 2514 ac
950 2449 1280 2514 foederata
1316 2449 1553 2534 oppida
1590 2451 1728 2515 sine
1764 2451 2101 2522 lictoribus
2141 2452 2371 2516 adibat.
2421 2452 2629 2516 sicubi

336 2554 653 2618 clarorum
710 2557 998 2620 uirorum
1046 2556 1341 2640 sepulcra
1385 2561 1826 2641 cognosceret,
1873 2557 2134 2622 inferias
2182 2557 2478 2624 Manibus
2525 2558 2630 2624 da-

254 2687 308 2728 20
335 2661 463 2725 bat.
548 2683 877 2726 caesorum
934 2663 1111 2727 clade
1164 2661 1447 2730 Variana
1505 2668 1752 2727 ueteres
1817 2685 1888 2728 ac
1947 2663 2264 2748 dispersas
2324 2665 2629 2749 reliquias

336 2788 465 2831 uno
532 2769 780 2832 tumulo
845 2768 1256 2852 humaturuS,
1320 2769 1618 2854 colligere
1685 2791 1803 2833 sua
1855 2791 2048 2834 manu
2108 2775 2170 2834 et
2229 2776 2628 2855 comportare

334 2875 585 2957 primus
638 2873 975 2960 adgressus
1032 2879 1145 2940 est.
1238 2875 1781 2940 obtrectatoribus
1848 2876 2068 2956 etiam,
2130 2877 2628 2961 qualescumque
2667 2892 2700 2939 3

336 2985 401 3044 et
461 2984 973 3065 quantacumque
1036 2981 1112 3046 de
1176 3003 1365 3047 causa
1421 2987 1694 3046 nanctus
1748 2988 1935 3066 esset,
1995 2983 2155 3046 lenis
2213 2984 2370 3048 adeo
2427 2989 2490 3049 et
2537 2986 2628 3048 in-

333 3086 567 3151 noxius
577 3137 593 3170 ‚
657 3091 731 3151 ut
786 3087 1007 3152 Pisoni
1071 3089 1321 3154 decreta
1386 3110 1499 3154 sua
1563 3088 1979 3173 rescindenti‚
2044 3090 2374 3154 clientelas
2435 3091 2627 3176 di[u]-

254 3221 307 3260 25
334 3193 595 3258 uexanti
660 3216 791 3258 non
852 3195 1031 3278 prius
1097 3218 1461 3261 suscensere
1526 3197 1592 3259 in
1659 3197 1942 3260 animum
2009 3196 2360 3281 induxerit,
2434 3221 2626 3281 quam

336 3300 661 3364 ueneficiis
716 3323 971 3385 quoque
1028 3307 1091 3366 et
1148 3302 1598 3368 deuotionibus
1657 3303 2020 3388 impugnari
2070 3325 2136 3367 se
2185 3307 2627 3388 comperisset3

336 3429 411 3472 ac
463 3429 544 3471 ne
598 3412 755 3473 tunc
809 3407 1064 3492 quidem
1122 3409 1291 3474 ultra
1343 3429 1749 3494 progressus,
1803 3432 1994 3492 quam
2053 3414 2127 3474 ut
2175 3411 2518 3475 amicitiam
2569 3413 2625 3475 ei

334 3535 511 3578 more
556 3515 868 3579 maiorum
922 3517 1318 3581 renuntiaret
1373 3515 1830 3598 mandaretque
1877 3515 2245 3582 domesticis
2293 3516 2626 3602 ultionem,

335 3621 389 3684 si
438 3620 589 3704 quid
638 3621 761 3686 sibi
807 3621 1133 3686 accideret.
1218 3644 1485 3706 quarum
1533 3623 1848 3686 uirtutum
1901 3623 2182 3687 fructum
2229 3623 2618 3690 uberrimum
2652 3622 2699 3687 4

252 3755 307 3794 ao
332 3727 506 3810 tulit,
551 3727 643 3792 sic
688 3727 995 3811 probatus
1044 3733 1107 3793 et
1155 3729 1425 3794 dilectus
1470 3750 1510 3791 a
1556 3729 1707 3813 suis,
1758 3733 1832 3793 ut
1879 3729 2212 3816 Augustus
2262 3769 2344 3776 —
2396 3733 2624 3797 omitto

478 3961 509 4009 5
550 3958 729 4008 ettam
754 3973 821 4010 ιιι*
852 3956 937 4022 Μ,
977 3959 1155 4010 ettam
1188 3957 1265 4010 θ’
1301 3964 1426 4010 teste
1452 3975 1487 4024 q
1524 3957 1717 4025 (etiam
1758 3957 1851 4023 θ’,
1893 3958 1912 4010 i
1952 3961 2011 4011 «ι’-η
2044 3962 2190 4029 raa),
2231 3963 2289 4013 et
2325 3962 2444 4012 tam
2481 3966 2531 4013 et
2556 3977 2621 4014 ss.

331 4035 365 4088 Ἰ
402 4036 576 4090 etiam
604 4035 674 4100 R,
712 4036 831 4088 tam
860 4039 912 4102 δ,
941 4039 999 4090 et
1026 4037 1139 4091 iam
1170 4037 1418 4106 Bentley,
1447 4037 1560 4088 iam
1590 4038 2000 4092 Preud’homme
2129 4044 2157 4091 7
2198 4041 2366 4110 quae]
2398 4040 2546 4107 quod
2580 4044 2627 4092 'I'

334 4121 367 4169 8
404 4115 725 4185 germanico
758 4116 878 4186 HQ,
915 4116 1221 4184 germanici
1250 4119 1341 4171 rel.
1373 4120 1465 4184 (Ω.)
1590 4118 1885 4188 animeque
1915 4123 1972 4170 X
2005 4121 2055 4189 (e
2083 4121 2146 4171 in
2175 4120 2228 4172 L
2263 4136 2399 4172 corr.
2438 4137 2504 4172 ecc
2532 4121 2622 4186 052)

334 4201 365 4249 9
406 4196 693 4266 cuiquam]
731 4212 978 4263 unquam
1020 4197 1071 4250 G
1235 4201 1301 4249 10
1338 4197 1736 4266 ingeniumque
1774 4199 1832 4263 V,
1879 4199 2106 4265 ingenio
2149 4200 2200 4252 L
2365 4205 2430 4253 14
2470 4199 2622 4266 equi-

332 4275 549 4330 tatione
595 4277 684 4329 uel
720 4291 863 4343 equo
898 4280 1051 4330 nect·
1082 4277 1313 4346 Bentley
1460 4283 1523 4330 15
1563 4293 1747 4344 saepe.
1779 4279 2085 4330 comminus
2128 4279 2178 4330 G
2325 4284 2390 4331 16
2428 4279 2624 4331 trium-

332 4355 532 4424 phales
564 4356 615 4410 G
652 4357 853 4424 (Torr.)
980 4363 1048 4409 20
1083 4359 1276 4426 putres
1317 4357 1491 4410 Pozak
1616 4363 1684 4409 22
1724 4357 2147 4426 qualiscumque
2179 4358 2290 4410 ΠΗ
2418 4365 2483 4410 24
2523 4375 2624 4410 sua

332 4437 417 4507 re]
454 4437 544 4490 hic
578 4436 757 4502 deficit
792 4437 906 4490 cod.
947 4437 999 4489 V
1136 4435 1423 4489 diuexanti
1475 4439 1627 4490 Torr.
1791 4443 1858 4489 25
1898 4455 2215 4491 suscensere
2248 4441 2321 4492 M
2327 4439 2462 4504 13¹8,
2503 4456 2624 4490 suc--

334 4531 559 4570 censere
582 4515 927 4583 GH'L'PT,
948 4531 1259 4570 successere
1285 4520 1331 4569 Τ
1474 4522 1541 4569 26
1570 4517 1854 4570 ueneficiis
1883 4520 1936 4570 Π
1939 4519 2080 4588 QL2,
2111 4518 2394 4572 beneficiis
2414 4520 2504 4572 rel.
2530 4521 2622 4588 (Ω)

335 4602 403 4650 30
440 4596 527 4667 ut]
568 4599 625 4650 et
655 4597 729 4650 M

2096 4687 2196 4740 11*
