3259 5209
1106 465 1486 522 VITRLLIVS
1524 477 1658 528 [car.
1687 479 1838 530 τ-ιι]
2487 467 2619 531 299

318 629 579 694 sissime
632 629 1165 720 circumdederat,
1222 631 1291 695 in
1334 629 1764 715 profluentem
1809 629 2078 714 excidit3
2133 651 2287 695 mox
2332 627 2622 697 Viennae

318 759 441 821 pro
470 736 781 802 tribunali
810 736 955 802 iura
978 736 1270 802 reddenti
1302 737 1696 824 gallinaceus
1732 757 1928 820 supra
1961 757 2254 802 umerum
2291 757 2366 800 ac
2395 736 2622 804 deinde

320 843 387 906 in
418 843 629 928 capite
656 843 885 908 astitit.
951 842 1189 927 quibus
1216 843 1489 909 ostentis
1516 865 1638 929 par
1663 842 1998 928 respondit
2021 843 2258 928 exitus3
2293 865 2442 908 nam
2473 865 2620 910 con-

316 949 648 1014 firmatum
688 973 803 1035 per
836 950 1086 1036 legatos
1122 973 1275 1016 suos
1313 949 1656 1035 imperium
1690 971 1808 1036 per
1831 971 1902 1014 se
1929 951 2203 1015 retinere
2225 971 2360 1014 non
2388 951 2620 1035 potuit.

263 1081 290 1121 ε,
498 1055 597 1120 De
640 1055 1035 1123 Betriacensi
1088 1057 1365 1123 uictoria
1416 1061 1484 1122 et
1528 1055 1806 1122 Othonis
1851 1057 2047 1140 exitu,
2101 1077 2247 1121 cum
2287 1055 2502 1122 adhuc
2547 1057 2618 1122 in
2637 1055 2728 1125 10

320 1160 529 1226 Gallia
594 1167 779 1247 esset,
843 1163 1049 1229 audiit
1112 1163 1409 1248 nihilque
1476 1168 1846 1248 cunctatus,
1908 1161 2215 1249 quicquid
2275 1164 2622 1248 praetoria·

319 1291 545 1334 narum
610 1269 969 1336 cohortium
1020 1269 1171 1354 fuit,
1228 1275 1305 1335 ut
1348 1270 1613 1356 pessimi
1659 1270 1955 1356 exempli,
1999 1291 2130 1335 uno
2177 1271 2621 1336 exauctorauit

318 1375 531 1442 edicto
597 1377 805 1441 iussas
875 1377 1157 1442 tribunis
1216 1378 1467 1442 tradere
1524 1398 1720 1442 arma.
1824 1381 2080 1442 centum
2141 1381 2358 1442 autem
2423 1380 2622 1461 atque

317 1482 573 1569 uiginti,
620 1504 894 1567 quorum
940 1483 1197 1550 libellos
1244 1482 1487 1549 Othoni
1534 1484 1724 1549 datos
1762 1484 2099 1549 inuenerat
2135 1483 2620 1570 exposcentium

234 1613 289 1653 ια
317 1589 677 1674 praemium
742 1589 825 1655 ob
881 1591 1119 1656 editam
1176 1592 1245 1656 in
1299 1591 1487 1656 caede
1544 1587 1784 1656 Galbae
1841 1612 2128 1675 operam,
2203 1589 2501 1674 conquiri
2553 1595 2622 1656 et

320 1695 639 1780 supplicio
700 1697 886 1761 adfici
946 1696 1317 1782 imperauit,
1383 1697 1642 1784 egregie
1705 1719 1969 1782 prorsus
2027 1701 2222 1782 atque
2283 1697 2621 1784 magnifice

320 1809 385 1866 et
432 1806 510 1868 ut
554 1805 790 1868 summi
838 1803 1151 1888 principis
1196 1825 1377 1888 spem
1424 1803 1810 1888 ostenderet,
1855 1804 1982 1869 nisi
2027 1809 2240 1868 cetera
2289 1804 2494 1890 magis
2541 1824 2618 1868 ex

318 1914 552 1973 natura
596 1915 663 1976 et
708 1910 923 1995 priore
960 1910 1098 1975 nita
1134 1931 1251 1976 sua
1288 1931 1481 1994 quam
1520 1931 1598 1975 ex
1639 1910 1895 1996 imperii
1929 1911 2263 1976 maiestate
2299 1909 2618 1996 gessisset.

318 2036 597 2100 namque
644 2017 875 2082 itinere
920 2017 1225 2083 incohato
1268 2039 1387 2102 per
1430 2017 1674 2084 medias
1719 2018 2014 2084 ciuitates
2050 2017 2186 2084 ritu
2219 2015 2620 2102 triumphan-
2657 2034 2689 2083 2

236 2145 291 2186 ιε
320 2121 483 2186 tium
538 2127 765 2188 nectus
812 2129 911 2189 est
954 2145 1196 2209 perque
1241 2125 1511 2190 flumina
1554 2125 2032 2190 delicatissimis
2075 2125 2356 2212 nauigiis
2401 2128 2468 2189 et
2512 2145 2618 2187 ua-

318 2229 557 2293 riarum
618 2251 1001 2296 coronarum
1061 2253 1295 2318 genere
1354 2231 1689 2317 redimitis,
1751 2231 1920 2297 inter
1978 2231 2461 2316 profusissimos
2509 2228 2618 2294 ob·

320 2335 650 2400 seniorum
696 2341 1041 2421 apparatus
1050 2389 1069 2422 ,
1124 2338 1303 2402 nulla
1352 2337 1633 2404 familiae
1680 2343 1792 2403 aut
1837 2337 2066 2403 militis
2109 2337 2468 2422 disciplina,
2523 2359 2619 2402 ra-

319 2441 507 2526 pinas
552 2465 630 2508 ac
667 2444 1092 2527 petulantiam
1132 2445 1422 2510 omnium
1462 2445 1529 2510 in
1568 2446 1780 2510 iocum
1821 2449 2112 2532 uertens,
2157 2447 2268 2529 qui
2303 2466 2436 2510 non
2475 2465 2621 2510 con-

320 2549 483 2613 tenti
530 2551 723 2634 epulo
770 2549 1013 2634 ubique
1059 2550 1320 2634 publice
1364 2551 1680 2637 praebito,
1729 2572 2167 2636 quoscumque
2215 2551 2509 2617 libuisset
2551 2552 2622 2617 in

236 2677 293 2718 so
320 2652 687 2720 libertatem
732 2657 1122 2739 asserebant,
1178 2657 1449 2723 uerbera
1492 2661 1559 2722 et
1603 2659 1852 2744 plagas,
1897 2679 2086 2743 saepe
2131 2659 2420 2743 uulnera,
2464 2679 2619 2723 non-

316 2781 671 2847 numquam
728 2785 947 2828 necem
1000 2768 1551 2848 repraesentantes
1606 2763 2118 2830 aduersantibus.
2207 2768 2408 2849 utque
2455 2786 2620 2831 cam-
2658 2781 2688 2830 ³

316 2889 453 2952 post,
500 2869 565 2932 in
606 2869 841 2955 quibus
876 2875 1235 2955 pugnatum
1272 2876 1387 2956 est,
1436 2870 1589 2956 adit,
1640 2870 2048 2936 abhorrentis
2086 2871 2400 2956 quosdam
2435 2871 2618 2936 cada-

318 2995 543 3040 uerum
600 2975 815 3042 tabem
862 2975 1227 3042 detestabili
1274 2999 1438 3042 uoce
1486 2978 1867 3042 confirmare
1913 2999 2106 3042 ausus
2151 2982 2268 3060 est,
2328 2979 2618 3063 optime

319 3079 527 3144 olere
565 3083 899 3147 occisum
938 3083 1237 3148 hostem
1274 3089 1349 3149 et
1384 3085 1662 3149 melius
1701 3085 1958 3150 ciuem.
2032 3105 2150 3149 nec
2185 3106 2264 3150 eo
2301 3085 2501 3149 setius
2537 3084 2620 3150 ad

235 3211 289 3251 π
318 3185 679 3252 leniendam
724 3192 1113 3276 grauitatem
1162 3189 1376 3256 odoris
1422 3191 1776 3275 plurimum
1821 3191 1982 3255 meri
2028 3191 2364 3276 propalam
2402 3189 2618 3257 hausit

318 3293 689 3379 passimque
757 3297 997 3362 diuisit.
1100 3298 1242 3383 pari
1318 3299 1606 3363 uanitate
1677 3303 1871 3384 atque
1933 3297 2282 3363 insolentia
2337 3297 2616 3383 lapidem

318 3401 663 3466 memoriae
701 3401 979 3469 Othonis
1016 3405 1399 3488 inscriptum
1439 3405 1695 3470 intuens
1742 3405 2052 3490 dignum
2099 3426 2186 3470 eo
2223 3404 2616 3470 Mausoleo

320 3507 431 3588 ait,
485 3510 979 3594 pugionemque,
1035 3531 1165 3594 quo
1212 3511 1267 3575 is
1315 3531 1381 3576 se
1428 3510 1769 3595 occiderat,
1815 3512 1884 3576 in
1931 3510 2470 3598 Agrippinensem
2517 3533 2618 3577 co-

318 3609 559 3678 loniam
608 3616 786 3682 misit
830 3616 1027 3682 Marti
1074 3617 1513 3682 dedicandum.
1604 3619 1674 3682 in
1722 3617 2092 3703 Appennini
2141 3619 2398 3702 quidem
2448 3619 2619 3706 iugis

238 3743 295 3784 so
322 3721 516 3786 etiam
560 3723 974 3810 peruigilium
1020 3725 1169 3811 egit.
1264 3724 1487 3789 urbem
1538 3723 1811 3810 denique
1858 3726 1939 3789 ad
1984 3725 2320 3790 classicum
2366 3725 2618 3791 introiit
2634 3722 2719 3790 ll

321 3825 665 3910 paludatus
704 3830 1001 3916 ferroque
1038 3831 1422 3915 succinctim,
1469 3831 1639 3895 inter
1689 3832 1876 3918 signa
1922 3836 2115 3915 atque
2141 3833 2396 3916 uexilla,
2434 3853 2618 3920 sagu-

344 3935 471 3998 atis
519 3937 866 4002 comitibus
912 3958 987 4002 ac
1034 3937 1302 4004 detectis
1350 3925 1868 4002 commilitonum
1915 3939 2126 4003 armiS.

499 4041 709 4128 Magis
778 4042 1003 4109 deinde
1072 4066 1145 4108 ac
1217 4043 1425 4131 magis
1486 4044 1665 4108 omni
1727 4045 1949 4109 diuino
2009 4043 2419 4130 humanoque
2481 4047 2617 4110 iure
2656 4061 2687 4110 ²

464 4205 495 4254 2
534 4217 703 4270 super
732 4201 832 4256 GS
1007 4205 1038 4254 5
1075 4201 1359 4256 bethriac—
1400 4201 1470 4269 G,
1506 4199 1760 4255 bebriac-
1789 4203 1902 4258 HR
2077 4207 2108 4255 8
2146 4201 2298 4256 iusas
2339 4203 2424 4263 M,
2464 4201 2618 4256 iussa

320 4281 434 4335 PH
442 4279 523 4336 ’R
684 4280 940 4335 tribunae
972 4283 1095 4348 Me,
1131 4297 1229 4335 -no
1265 4282 1314 4335 T
1464 4286 1530 4334 10
1564 4282 1818 4351 praemia
1851 4283 2002 4353 nula.
2042 4281 2179 4352 (edd.
2215 4281 2442 4337 Mediol.
2473 4285 2618 4337 1475

312 4360 539 4415 Bonan.
570 4363 741 4431 1488)
951 4367 1013 4414 11
1054 4361 1252 4432 aegiae
1284 4363 1379 4427 Μ,
1425 4362 1554 4416 inde
1598 4361 1752 4432 regie
1791 4363 2050 4418 Pithoeus
2267 4366 2332 4414 15
2369 4361 2528 4416 uario
2556 4363 2626 4417 N

318 4441 621 4512 (Bentley),
665 4442 793 4509 fort.
822 4447 959 4496 recte
1138 4446 1203 4495 21
1241 4443 1723 4511 repraesentantes
1759 4459 1861 4497 om.
1897 4442 1949 4497 G
2138 4447 2208 4495 22
2246 4441 2368 4496 adit
2399 4441 2617 4509 ML¹P‚

318 4519 466 4574 adiit
490 4522 585 4576 rel.
615 4528 667 4576 et
693 4521 759 4575 N
932 4527 1001 4575 24
1038 4521 1118 4593 et]
1157 4523 1219 4575 at
1247 4522 1491 4587 Ernesti,
1522 4523 1608 4576 set
1641 4523 1706 4577 G.
1737 4523 1946 4578 Becker
2117 4527 2184 4576 80
2223 4521 2491 4577 clasicum
2531 4524 2616 4588 M,

320 4602 627 4655 scasiscum
670 4601 721 4658 G
