3259 5209
556 440 645 504 54
1256 439 1315 495 C.
1356 439 1670 493 SVETONI
1707 439 2152 505 TRANQVILLI

555 604 769 668 nantis
825 607 915 685 et,
975 602 1127 686 quia
1181 604 1515 687 prouisum
1571 603 1928 687 periculum
1987 604 2537 690 subterfugerant,
2599 604 2860 690 legibus

559 709 819 796 adgredi
865 730 1139 793 reosque
1186 710 1396 774 caedis
1446 709 1730 774 absentis
1780 709 2024 774 deferre
2071 712 2316 776 statuit.
2407 710 2594 775 ludos
2641 718 2858 775 autem

558 816 867 881 uictoriae
916 815 1203 881 Caesaris
1257 838 1389 880 non
1443 815 1828 880 audentibus
1875 816 2082 881 facere
2137 817 2372 901 quibus
2420 818 2745 902 optigerat
2793 818 2857 881 id

489 940 519 986 2
558 944 817 1007 munna,
874 924 1013 1006 ipse
1068 922 1284 987 edidit.
1376 928 1441 986 et
1498 944 1627 1005 quo
1689 924 2088 988 constantius
2145 930 2356 988 cetera
2411 946 2670 1008 quoque
2718 947 2860 988 exe-

562 1034 884 1113 queretur,
930 1030 999 1092 in
1034 1028 1250 1093 locum
1288 1034 1364 1093 tr.
1404 1030 1489 1113 pl.
1527 1029 1696 1093 forte
1733 1029 2055 1095 demortui
2096 1031 2503 1096 candidatum
2543 1051 2610 1095 se
2648 1036 2860 1094 osten·
2928 1054 2958 1092 5

560 1136 681 1219 dit,
747 1158 1113 1219 quanquam
1188 1136 1495 1220 patricius
1567 1136 1840 1200 necdum
1917 1142 2191 1202 senator.
2296 1137 2407 1201 sed
2481 1138 2862 1201 aduersante

560 1242 899 1307 conatibus
962 1244 1095 1306 suis
1158 1242 1245 1307 M.
1301 1241 1585 1307 Antonio
1653 1243 1939 1327 consule,
2016 1266 2207 1326 quem
2271 1244 2376 1307 uel
2439 1243 2861 1328 praecipuum

560 1348 917 1414 adiutorem
966 1355 1350 1433 sperauerat,
1398 1370 1471 1413 ac
1514 1370 1596 1413 ne
1632 1348 1965 1433 publicum
2005 1350 2265 1433 quidem
2304 1356 2368 1413 et
2403 1350 2860 1415 translatiuum

561 1458 661 1519 ius
725 1456 859 1521 ulla
913 1456 978 1520 in
1033 1478 1101 1519 re
1158 1456 1283 1520 sibi
1338 1456 1475 1519 sine
1537 1458 1839 1539 pactione
1902 1457 2322 1543 grauissimae
2379 1456 2689 1521 mercedis
2747 1458 2863 1521 im-

560 1564 892 1647 pertiente,
938 1562 1017 1626 ad
1066 1562 1409 1646 optimates
1458 1584 1526 1627 se
1572 1563 1865 1647 contulit,
1915 1563 2152 1646 quibus
2198 1586 2342 1627 eum
2391 1564 2674 1627 inuisum
2723 1584 2862 1626 sen·
2893 1586 2956 1625 10

561 1668 782 1752 tiebat,
827 1670 1105 1732 maxime
1152 1668 1325 1753 quod
1371 1666 1449 1733 D.
1495 1668 1773 1733 Brutum
1820 1668 2155 1733 obsessum
2193 1669 2481 1734 Mutinae
2527 1668 2863 1753 prouincia

562 1799 598 1839 a
646 1774 914 1839 Caesare
980 1775 1127 1839 data
1192 1782 1256 1839 et
1320 1797 1434 1859 per
1496 1782 1790 1840 senatum
1849 1778 2226 1840 confirmata
2287 1777 2605 1860 expellere
2665 1776 2862 1840 armis

492 1901 524 1948 3
560 1884 891 1946 niteretur.
982 1881 1393 1946 hortantibus
1458 1882 1679 1965 itaque
1742 1883 2068 1946 nonnullis
2134 1904 2536 1967 percussores
2601 1884 2659 1947 ei
2716 1882 2863 1946 sub-

565 1989 845 2074 ornauit,
910 2011 983 2053 ac
1040 1988 1260 2053 fraude
1317 1989 1712 2072 deprehensa
1769 1989 2126 2072 periculum
2187 1990 2254 2053 in
2307 1991 2512 2053 uicem
2569 1994 2862 2053 metuens

563 2100 901 2160 ueteranos
958 2096 1150 2159 simul
1207 2096 1275 2158 in
1331 2118 1519 2159 suum
1576 2116 1651 2159 ac
1705 2097 1798 2158 rei
1853 2119 1913 2178 p.
1970 2096 2280 2159 auxilium
2346 2101 2587 2178 quanta-
2646 2096 2862 2179 potuit
2893 2116 2950 2156 15

563 2203 906 2288 largitione
956 2204 1302 2287 contraxit3
1360 2202 1700 2285 iussusque
1749 2208 2117 2285 comparato
2166 2203 2471 2266 exercitui
2518 2225 2636 2286 pro
2684 2226 2860 2285 prae-

564 2316 704 2373 tore
750 2331 1042 2392 praeesse
1089 2312 1154 2371 et
1200 2330 1346 2372 cum
1383 2308 1599 2373 Hirtio
1655 2330 1729 2372 ac
1777 2308 2010 2391 Pansa,
2059 2309 2170 2392 qui
2211 2311 2616 2373 consulatum
2657 2331 2864 2375 susce-

564 2420 810 2500 perant,
846 2414 924 2479 D.
953 2414 1156 2479 Bruto
1196 2436 1384 2498 opem
1421 2416 1603 2496 ferre,
1643 2415 2093 2479 demandatum
2133 2415 2374 2479 bellum
2412 2417 2604 2479 tertio
2646 2438 2863 2480 mense

494 2541 527 2587 4
566 2522 840 2587 confecit
888 2521 1139 2586 duobus
1186 2522 1464 2604 proeliis.
1547 2522 1762 2604 priore
1799 2520 2124 2585 Antonius
2171 2521 2414 2607 fugisse
2454 2544 2600 2585 eum
2639 2522 2864 2587 scribit

567 2652 640 2694 ac
682 2630 818 2694 sine
856 2628 1307 2712 paludamento
1348 2650 1645 2711 equoque
1682 2633 1831 2711 post
1869 2627 2134 2692 biduum
2175 2627 2430 2691 demum
2470 2630 2864 2713 apparuisse,
2891 2648 2952 2687 so

567 2736 861 2820 sequenti
928 2736 1083 2799 satis
1148 2739 1402 2799 constat
1463 2756 1594 2799 non
1663 2734 1852 2799 modo
1922 2735 2128 2818 ducis,
2201 2735 2311 2798 sed
2377 2737 2570 2800 etiam
2635 2736 2863 2800 militis

566 2845 857 2907 functum
906 2864 1169 2906 munere
1216 2848 1407 2925 atque
1465 2842 1529 2904 in
1578 2841 1788 2905 media
1836 2842 2274 2924 dimicatione,
2321 2842 2661 2925 aquilifero
2708 2842 2864 2927 legi-

570 2951 709 3016 onis
776 2972 925 3015 suae
991 2951 1278 3035 grauiter
1342 2949 1555 3012 saucio
1578 3000 1594 3031 ,
1658 2949 1940 3030 aquilam
2006 2949 2248 3012 umeris
2313 2949 2560 3013 subisse
2624 2950 2866 3033 diuque

463 3054 545 3120 11
568 3064 875 3141 portasse.
966 3058 1089 3121 hoc
1144 3058 1314 3121 bello
1373 3077 1517 3118 cum
1573 3054 1826 3118 Hirtius
1881 3055 1950 3118 in
2005 3056 2163 3137 acie,
2220 3054 2429 3119 Pansa
2474 3057 2667 3139 paulo
2715 3062 2867 3140 post

570 3186 645 3228 ex
712 3164 977 3226 uulnere
1041 3164 1385 3246 perissent,
1459 3184 1682 3226 rumor
1747 3161 2098 3226 increbruit
2171 3162 2396 3227 ambos
2470 3184 2665 3247 opera
2728 3164 2866 3227 eius
2895 3180 2951 3221 2⁶

716 3400 775 3445 11
824 3394 971 3446 Oros.
1025 3392 1110 3443 VI
1144 3394 1288 3455 18,3
1334 3390 1610 3443 Antonius
1653 3406 1686 3443 a
1725 3392 1923 3443 senatu
1970 3388 2148 3443 hostis
2185 3392 2584 3459 pronuntiatus
2625 3390 2686 3444 D.
2727 3390 2868 3444 Bru—

567 3476 691 3526 tum
729 3472 879 3541 apud
918 3470 1195 3523 Mutinam
1243 3468 1535 3523 obsidione
1583 3468 1948 3523 concluserat.
2101 3478 2164 3523 16
2205 3472 2438 3540 Eia-trop.
2483 3472 2606 3525 VII
2637 3476 2665 3523 1
2705 3471 2866 3524 missi

570 3553 644 3605 ad
684 3568 809 3605 eum
847 3550 1293 3621 persequendum
1332 3551 1441 3603 duo
1481 3550 1760 3613 consuleS,
1809 3550 1993 3602 Pansa
2031 3553 2088 3603 et
2125 3550 2368 3617 Hirtius,
2407 3554 2464 3605 et
2502 3550 2866 3605 Octauianus.

576 3635 724 3688 Oro-3.
766 3634 855 3686 VI
883 3637 973 3697 18,
1005 3637 1038 3685 3
1077 3630 1331 3683 consules
1370 3630 1587 3683 Hirtius
1636 3634 1693 3683 et
1738 3630 1922 3683 Pansa
1971 3634 2028 3682 et
2065 3646 2192 3683 cum
2239 3631 2326 3684 his
2366 3630 2568 3684 Caesar
2615 3632 2686 3684 ad
2725 3630 2866 3685 libe-

570 3713 808 3767 randum
840 3712 1073 3765 Brutum
1103 3712 1650 3779 expugnandumque
1681 3710 1986 3762 Antonium
2015 3711 2186 3763 missi.
2327 3717 2393 3763 24
2428 3713 2662 3780 Eutrop.
2689 3712 2812 3765 VII
2833 3718 2864 3764 1

572 3794 761 3847 euenit
801 3834 811 3845 .
846 3835 855 3845 .
890 3835 900 3845 .
940 3795 1003 3845 ut
1041 3792 1282 3845 uictores
1322 3791 1575 3843 consules
1616 3790 1780 3843 ambo
1818 3794 2178 3844 morerentur.
2247 3808 2419 3859 quare
2447 3792 2560 3845 tres
2589 3791 2866 3844 exercitus

571 3875 668 3926 uni
708 3873 933 3926 Caesari
973 3875 1225 3941 Augusto
1263 3874 1571 3940 paruerunt
1608 3872 1823 3938 (paullo
1861 3873 2045 3937 fusius
2087 3874 2233 3925 Or08.
2277 3872 2364 3924 VI
2395 3877 2484 3937 18,
2513 3876 2563 3925 4.
2596 3874 2666 3941 5).

720 4094 745 4140 1
788 4089 867 4157 et]
908 4086 1005 4140 sed
1036 4086 1269 4153 Bentley
1427 4090 1458 4137 ὃ
1495 4084 1796 4153 petitorem
1828 4090 1952 4151 post
1991 4082 2356 4136 candidatum
2393 4086 2522 4138 add.
2565 4086 2702 4143 HR.
2741 4092 2867 4153 post

572 4173 638 4222 tr.
678 4169 754 4236 pl.
788 4168 923 4221 P=T
953 4168 1151 4235 (ylossa
1187 4165 1223 4217 i.
1253 4164 1554 4232 petitorem
1583 4164 1759 4218 adse-r.
1791 4165 1854 4217 in
1882 4168 1928 4230 ε)
2060 4168 2090 4215 8
2130 4161 2544 4217 translaticium
2574 4164 2750 4234 (trab)
2779 4166 2866 4217 ius

572 4249 689 4302 ulla
727 4266 752 4301 e
790 4248 904 4301 cod.
952 4249 1000 4300 T
996 4247 1281 4299 ornacensi
1319 4247 1477 4311 affert
1519 4245 1833 4299 Glareanus
1870 4246 1968 4303 (sic
1999 4246 2243 4313 primum
2289 4244 2367 4297 ed.
2409 4246 2479 4299 R.
2521 4246 2867 4313 Stephanus),

574 4328 969 4393 translatiuum
1016 4326 1074 4378 in
1114 4324 1261 4378 sulla
1302 4326 1395 4389 M,
1442 4324 1782 4377 tralaticium
1832 4324 1892 4376 in
1931 4323 2076 4376 sulla
2113 4324 2278 4393 <sylla
2321 4325 2396 4389 G,
2441 4324 2566 4378 sula
2605 4329 2658 4393 δ)
2701 4325 2865 4389 GT&

572 4408 913 4463 tralaticium
937 4406 1345 4476 (translaticurn
1369 4408 1438 4470 T)
1458 4404 1579 4458 ulla
1594 4404 1688 4471 X'‚
1717 4404 2062 4457 tralaticium
2091 4421 2292 4456 munus
2313 4406 2552 4475 Madvig]
2642 4412 2672 4458 9
2703 4406 2760 4457 in
2781 4406 2865 4476 re]

572 4490 691 4542 nire
739 4492 786 4540 Τ
928 4494 991 4540 10
1032 4489 1182 4555 eum]
1222 4504 1349 4539 cum
1390 4486 1521 4539 ΜΘ
1674 4492 1736 4537 14
1777 4484 1882 4537 hac
1922 4483 1994 4536 X'
2146 4490 2210 4536 15
2251 4501 2316 4537 ac
2354 4484 2449 4550 X‘,
2488 4488 2586 4537 aut
2626 4486 2867 4546 MGTe,

572 4574 698 4636 tort.
731 4571 899 4637 atque
1049 4573 1113 4619 16
1153 4566 1398 4620 exercitu
1440 4566 1489 4618 G
1635 4570 1703 4616 24
1743 4567 1799 4617 et
1837 4579 2014 4633 pansa
2056 4564 2123 4629 G,
2160 4580 2451 4632 pansaque
2489 4568 2673 4633 (pens-
2715 4565 2777 4634 Q)
2824 4568 2871 4617 Τ
