3259 5209
1263 416 1673 471 PRAEFATIO
2473 418 2634 474 XXV

327 587 428 647 uel
479 588 718 645 litterae
773 586 1068 663 quaedam
1125 589 1498 661 permutatae
1553 586 1791 661 aliaque
1858 586 2191 662 declarant,
2251 606 2403 663 quae
2470 586 2636 648 infra

327 678 487 735 inter
537 676 886 735 mendorum
945 694 1164 753 genera
1209 679 1270 734 et
1321 677 1482 735 inter
1538 675 2000 752 orthographica
2056 676 2427 749 enumeraui,
2498 680 2629 735 tum

327 766 516 841 ipsius
563 767 894 840 scripturae
939 764 1197 841 uestigia
1241 764 1498 823 maxime
1543 763 1607 823 in
1636 766 1717 822 M
1756 765 2009 823 residua.
2085 783 2154 823 ac
2198 766 2457 841 primum
2496 766 2627 840 qui—

327 854 464 913 dem
527 855 897 931 singularum
959 856 1222 911 uitarum
1287 846 1551 933 (praeter
1613 850 1865 912 Othonis
1920 853 2277 929 Vespasiani
2332 854 2455 913 Titi
2509 854 2629 913 Do-

329 936 594 1023 mitiani)
659 943 956 1019 principia
1019 944 1083 999 in
1147 943 1227 1000 M
1285 942 1538 1017 aliisque
1603 941 1931 1021 grandibus
1994 943 2213 1003 litteris
2278 943 2637 1019 plerumque

329 1032 646 1093 rubricatis
701 1034 1020 1106 conspicua
1079 1032 1240 1091 facta
1295 1036 1458 1105 suut,
1515 1030 1735 1106 partim
1784 1031 2139 1107 capitalibus
2186 1034 2379 1093 rarius
2425 1035 2627 1095 uncia-

329 1122 486 1181 libus
499 1114 566 1203 1).
633 1120 994 1197 capitalibus
1039 1122 1264 1195 scripta
1308 1124 1450 1179 sunt
1495 1120 1558 1178 in
1595 1120 1695 1177 M:
1769 1120 1921 1197 Aug.
1968 1125 1997 1179 1
2053 1114 2183 1200 (fol.
2228 1114 2338 1200 18)
2390 1121 2634 1181 Gentem

329 1228 518 1285 usque
573 1210 708 1269 olim
774 1202 944 1289 (item
1004 1208 1062 1268 V
1098 1208 1318 1267 litteris
1373 1209 1570 1268 minus
1615 1208 1782 1285 puris
1837 1214 1914 1270 et.
1951 1210 2075 1268 fere
2124 1210 2205 1283 G,
2270 1210 2341 1269 de
2398 1228 2515 1286 quo
2571 1230 2628 1269 u.

327 1299 449 1359 tab.
491 1292 635 1379 111);
682 1298 811 1357 Tib.
847 1300 878 1356 1
924 1290 1055 1378 (fol.
1089 1289 1200 1376 33)
1247 1298 1512 1357 Patricia
1557 1316 1745 1373 usque
1780 1299 1948 1371 plebe
1994 1292 2086 1377 (in
2136 1299 2192 1357 G
2236 1302 2473 1358 tantum
2515 1299 2633 1358 Pa-

331 1391 504 1448 tricia
561 1406 704 1461 yens
763 1380 1074 1467 Claudia);
1149 1384 1272 1445 Cal.
1317 1392 1348 1444 1
1401 1380 1530 1467 (fol.
1574 1380 1687 1467 57)
1748 1387 2135 1447 Germanicus
2200 1407 2384 1463 usque
2440 1389 2639 1447 Drusi

332 1473 422 1557 (in
473 1477 529 1537 G
581 1496 770 1553 usque
819 1480 892 1545 ct,
937 1477 1002 1533 in
1059 1476 1115 1534 V
1163 1480 1400 1534 tantum
1451 1476 1853 1535 Germani-cua
1926 1475 1986 1535 0.
2029 1498 2045 1551 ς
2120 1475 2205 1535 cl.
2252 1482 2281 1535 1
2344 1474 2472 1555 (fol.
2518 1470 2629 1556 71)

329 1568 566 1625 Patrem
629 1584 814 1641 usque
879 1566 1148 1625 Drusum
1160 1556 1213 1644 ²)
1279 1558 1454 1643 (item
1505 1558 1615 1645 G);
1682 1565 1819 1623 Ner.
1864 1570 1891 1623 1
1996 1566 2097 1625 fol.
2140 1567 2249 1638 83)
2312 1567 2409 1625 Ex
2467 1570 2637 1639 ‚cente

331 1674 523 1730 usque
565 1652 1046 1714 Aenobarborum
1101 1647 1384 1733 (duorum
1429 1672 1711 1713 uersuum
1758 1653 2049 1729 spatium,
2113 1654 2175 1713 in
2226 1655 2281 1715 G
2326 1656 2426 1714 Ex
2467 1660 2640 1729 yeme

332 1763 520 1820 usque
564 1735 771 1824 fami);
817 1743 938 1803 Vit.
973 1746 1005 1801 1
1049 1734 1179 1823 (fol.
1213 1734 1370 1823 106)
1414 1744 1775 1801 Vitelliorum
1822 1762 2008 1818 usque
2056 1745 2165 1801 alii
2211 1736 2303 1825 (in
2336 1745 2391 1805 G
2436 1745 2633 1820 prima

331 1842 570 1893 tantum
617 1824 780 1913 uox).
919 1831 1206 1891 accedunt
1251 1833 1315 1889 in
1366 1832 1446 1891 G:
1495 1828 1655 1891 Otho
1700 1836 1729 1891 1
1774 1834 2041 1891 Maiores
2083 1832 2336 1905 Othonia
2384 1833 2558 1908 Vesp.
2593 1837 2625 1892 1

331 1923 688 1989 Rebellione,
763 1921 879 1980 Tit.
925 1925 955 1979 1
1021 1920 1074 1979 T
1069 1924 1188 1979 itus
1246 1938 1434 1995 usque
1487 1921 1630 1989 deli,
1704 1920 1874 1979 Dom.
1920 1924 1951 1979 1
2012 1922 2391 1981 Domitianus
2445 1941 2639 1997 usque

323 2016 498 2085 patre
559 2028 680 2069 con.
853 2013 1062 2069 contra
1123 2009 1460 2069 uncialibus
1516 2010 1815 2085 incipiunt
1865 2011 1929 2069 in
1976 2012 2075 2068 M:
2148 2010 2261 2071 Iul.
2306 2014 2337 2070 1
2392 2002 2520 2091 (fol.
2564 2003 2637 2092 1)

333 2100 578 2159 Annwm
639 2118 826 2174 usque
893 2101 1092 2158 amis&
1147 2092 1240 2177 (in
1303 2099 1350 2155 V
1403 2117 1590 2173 usque
1656 2098 1965 2167 decimum,
2029 2101 2092 2157 in
2152 2100 2207 2160 G
2262 2101 2373 2159 sic:
2444 2100 2634 2159 ΒΑΝδ

338 2195 550 2248 tvl-lvs
598 2194 808 2283 Cg-ZSAR
856 2181 1036 2245 ANNV
1081 2178 1302 2267 rubr.)3
1376 2185 1567 2247 Galba
1619 2191 1649 2245 1
1704 2182 1835 2267 (fol.
1877 2181 2009 2268 97')
2056 2188 2369 2261 Proqenies
2419 2188 2639 2247 Gaesa-

332 2314 468 2354 rum
511 2298 578 2354 in
613 2286 864 2372 Nostrone
909 2295 1113 2367 defecit
1158 2288 1402 2373 (ultima
1447 2314 1564 2353 uox
1611 2294 1988 2370 capitalibus,
2034 2296 2097 2352 in
2131 2296 2185 2354 G
2232 2294 2349 2353 duo
2396 2298 2633 2353 tantum

335 2386 530 2461 prima
575 2376 913 2462 uocabula).
1049 2384 1193 2441 item
1233 2383 1714 2458 subscriptiones,
1761 2402 1915 2458 quae
1962 2383 2024 2442 in
2062 2384 2221 2442 calce
2260 2385 2635 2462 singularum

335 2474 594 2531 uitarum
639 2474 937 2549 leguntur,
983 2472 1382 2546 artificiosius,
1427 2478 1498 2529 ut
1533 2490 1660 2531 mos
1698 2476 1805 2547 est,
1852 2472 2047 2547 pictae
2085 2477 2241 2545 sunt,
2288 2477 2349 2532 et
2396 2472 2633 2548 quidem

336 2561 559 2638 duplici
616 2562 945 2636 scripturae
1009 2578 1222 2638 genere
1287 2561 1431 2619 dum
1491 2564 1665 2620 taxat
1716 2562 1781 2619 in
1827 2563 1909 2620 Μ
1956 2580 2077 2619 una
2133 2580 2431 2638 quaeque,
2495 2580 2640 2637 pars

335 2654 502 2727 prior
564 2650 924 2726 capitalibus
996 2649 1241 2723 litteris,
1315 2651 1609 2725 posterior
1682 2642 1849 2714 (inde
1914 2668 1951 2707 a
2022 2669 2169 2710 uoce
2246 2656 2506 2725 ΙΝΟΙΡΙΤ,
2570 2650 2637 2709 in

333 2741 552 2799 ultima
605 2742 738 2798 uita
791 2740 928 2797 inde
985 2756 1021 2796 a
1074 2731 1446 2819 sommas)
1503 2738 1852 2798 uncialibus
1868 2731 1920 2819 ⁸)
2074 2739 2331 2815 denique
2384 2740 2445 2798 in
2502 2740 2639 2815 ipsa

337 2829 606 2889 oratione
653 2828 1002 2904 principalis
1051 2828 1378 2902 scripturae
1427 2829 1570 2887 satis
1609 2830 1801 2887 multa
1836 2832 2185 2887 manserunt
2218 2828 2283 2885 in
2311 2830 2401 2903 M,
2437 2828 2641 2887 rarius

338 2918 574 2996 integra
627 2916 945 2991 uocabula,
1009 2916 1244 2991 saepius
1289 2917 1526 2975 litterae
1584 2909 1999 2997 singulares.⁴)
2090 2917 2164 2976 iis
2220 2921 2423 2976 autem
2480 2936 2641 2992 quae

336 3007 400 3064 in
463 3006 888 3066 commentario
954 3005 1159 3064 critico
1225 2997 1534 3085 laudata5)
1603 3010 1665 3064 et
1727 3025 1881 3081 quae
1946 3006 2128 3081 infra,
2192 3006 2295 3063 ubi
2350 3006 2423 3065 de
2478 3008 2641 3065 notis

339 3096 556 3173 agitur,
623 3095 810 3153 allata
865 3100 1028 3168 sunt,
1092 3094 1238 3152 haec
1283 3096 1408 3153 fere
1455 3114 1524 3151 ex
1571 3096 1645 3152 M
1692 3096 2066 3170 potissimum
2113 3095 2385 3153 addenda
2430 3094 2639 3153 uiden-

337 3188 452 3243 tur.
557 3186 746 3259 30,22
805 3171 1259 3258 nmo-Aer,
1328 3185 1514 3257 95‚23
1563 3184 1777 3242 Scribit
1840 3185 1919 3242 aa
1979 3185 2171 3255 filiam
2234 3176 2407 3263 (item
2464 3184 2519 3241 Ρ
2576 3188 2639 3241 et

337 3274 456 3332 litt.
494 3272 650 3331 rubr.
689 3272 758 3347 S,
805 3292 860 3331 u.
901 3264 1092 3351 adm),
1157 3272 1384 3345 116,11
1441 3272 1869 3331 Testamentum
1922 3292 2108 3348 usque
2156 3271 2395 3347 Apriles
2442 3266 2532 3353 (in
2582 3272 2637 3331 G

339 3366 578 3421 tantum
636 3355 1070 3442 NON-Apkull),
1139 3364 1369 3435 131‚28
1419 3368 1627 3436 νΑΙ-Ε,
1696 3362 1883 3435 203,3
1934 3362 2167 3420 Rursus
2228 3363 2427 3421 alteri-3
2492 3363 2641 3420 litte-

521 3552 572 3614 1)
611 3549 752 3602 Rem
789 3548 982 3619 tetigit
1024 3548 1475 3615 Preud’homme,
1523 3548 1827 3603 Troisieme
1876 3549 2044 3602 etude
2091 3567 2144 3617 p.
2177 3554 2263 3613 88,
2301 3548 2641 3602 concludens

341 3620 475 3674 inde
530 3637 730 3689 parum
785 3620 905 3674 ueri
961 3620 1170 3673 similia
1226 3621 1295 3674 de
1352 3619 1566 3689 duplici
1622 3620 1943 3689 archetypo,
2027 3620 2096 3673 cf.
2147 3620 2277 3674 Rev.
2328 3619 2447 3673 crit.
2501 3624 2638 3673 1904

341 3710 423 3745 nr.
451 3698 520 3745 46
603 3735 612 3744 .
646 3696 766 3745 380.

521 3709 597 3828 23)
611 3762 822 3816 Versus
869 3762 966 3831 qui
1012 3763 1282 3829 sequitur·
1302 3764 1530 3830 (olim-—-
1556 3765 1809 3833 (ιαμ-κείω
1857 3762 2192 3831 scripturam
2239 3761 2428 3830 prodit
2466 3761 2641 3815 Turo-

342 3850 571 3889 nensem
623 3830 1066 3900 semiuncialem}
1117 3853 1170 3887 u.
1217 3830 1536 3900 Chatelain,
1587 3832 1837 3902 Paleogr.
1880 3833 1976 3888 des
2024 3833 2329 3901 classiques
2381 3832 2552 3885 latins
2590 3832 2643 3885 Π

341 3905 459 3959 tab.
503 3904 820 3959 CLXXXIII
861 3912 892 3959 2
932 3908 988 3958 et
1033 3904 1094 3958 L.
1132 3904 1379 3972 Traube,
1426 3902 1609 3957 Neues
1660 3904 1866 3958 Archiv
1912 3903 2114 3957 XXVII
2166 3923 2219 3973 p.
2251 3910 2371 3957 267.
2438 3903 2508 3957 cf.
2549 3921 2645 3956 su-

338 3994 445 4047 pra
481 3976 943 4117 plvxlflxemplum
993 4046 1342 4101 luculentum
1394 4046 1567 4100 habes
1620 4047 1679 4099 in
1730 4046 1845 4100 tab.
1884 4046 1959 4111 Πς
2013 4047 2081 4099 de
2126 4048 2174 4100 G
2212 4065 2266 4099 u.
2306 4046 2419 4099 tab.
2451 4046 2539 4127 ῌΙ.
2580 4045 2637 4126 in

344 4119 546 4172 ceteris
587 4135 807 4187 quoque
845 4118 1131 4172 codicibus
1170 4118 1608 4187 subscriptiones
1646 4116 1952 4187 grandibus
1992 4118 2198 4172 litteris
2238 4120 2297 4170 at
2333 4120 2641 4170 rust1c1or1-

346 4190 448 4243 bus
489 4192 750 4245 exaratae
779 4192 925 4244 sunt.
991 4190 1064 4243 ad
1097 4192 1170 4244 M
1201 4190 1452 4258 proxime
1492 4190 1711 4242 accedit
1754 4191 1812 4255 V,
1852 4190 1949 4241 sed
1986 4189 2043 4241 in
2082 4189 2180 4241 illo
2221 4189 2338 4241 solo
2378 4188 2645 4240 librarius

346 4264 696 4315 constantem
725 4260 1083 4331 diligentiam
1101 4261 1406 4330 praestitit.
1463 4260 1584 4329 ipse
1613 4261 1673 4313 in
1694 4261 1820 4313 adn.
1844 4261 1965 4313 crit.
1986 4260 2315 4313 minusculis
2338 4278 2469 4312 usus
2500 4277 2638 4312 sum.

523 4336 577 4401 4)
617 4332 832 4397 Quibus
869 4350 980 4386 non
1019 4332 1321 4386 adnumero
1361 4332 1584 4385 litterae
1624 4334 1665 4384 Ν
1704 4332 1941 4384 formam
1979 4331 2316 4413 lapidare-m,
2365 4348 2533 4399 quam
2572 4330 2645 4383 de

344 4429 498 4526 more
537 4412 784 4467 crebrius
823 4413 1007 4466 scriba
1044 4413 1380 4466 Turonensis
1420 4411 1682 4465 adhibuit
1721 4412 1910 4479 (etiam
1950 4411 2155 4481 ligatas
2194 4414 2262 4477 ΙΝ,
2314 4410 2383 4463 cf.
2422 4430 2476 4480 p.
2520 4416 2635 4477 31‚1

349 4516 356 4531 ¹
393 4485 792 4626 Oxlnssnssffi‘
815 4561 970 4622 105,4
1010 4559 1166 4623 περ
1205 4560 1396 4622 some
1436 4558 1645 4622 348,1o.
