3259 5209
627 430 676 483 X
1101 439 1106 450 “
1568 427 1979 482 PRAEFATIO

625 591 874 679 inum.¹)
957 602 1046 657 est
1093 602 1290 657 autem
1339 596 1464 657 cod.
1493 597 1798 657 Parisinus
1836 615 2079 657 numero
2118 616 2273 656 nunc
2304 598 2473 655 6115
2516 588 2689 675 (olim
2722 592 2928 679 5984)

521 692 603 751 M
629 688 946 748 distinctus
994 679 1170 767 (mihi
1215 678 1356 767 M),
1411 687 1638 745 formae
1685 688 2107 761 quar-tanariae
2154 688 2215 744 in
2262 685 2606 745 membrana
2652 704 2801 745 saec.
2840 688 2925 767 IX

627 778 878 853 pulchre
941 778 1200 853 scriptus
1265 768 1352 857 (u.
1388 776 1508 835 tab.
1547 775 1595 833 Ι.
1646 768 1762 856 ΙΙ),
1818 775 2096 834 foliorum
2148 767 2359 849 125.²)
2448 776 2510 833 in
2567 776 2697 835 folii
2744 778 2927 851 primi

629 868 900 944 margine
945 868 1245 941 superiore
1293 864 1485 924 altera
1529 882 1743 923 manus
1789 856 2039 944 (saeculi
2082 864 2133 921 X
2183 868 2250 923 ut
2294 856 2561 943 uidetur)
2608 863 2933 941 adscripsit

629 955 877 1015 titulum
941 954 1121 1013 hunc:
1194 956 1400 1027 incipit
1460 952 1771 1013 Suetonius
1784 945 1835 1035 ³)
1901 955 1971 1013 dc
2034 956 2160 1012 uita
2223 952 2445 1011 cesaria.
2546 972 2705 1013 nwnc
2763 960 2931 1027 qesta

631 1047 862 1103 cesar-is.
955 1043 1242 1120 prodiisse
1320 1062 1350 1099 e
1417 1061 1461 1103 s.
1516 1043 1767 1102 Martini
1840 1042 2196 1101 Turonensis
2270 1043 2579 1118 inscriptio
2651 1046 2930 1119 testatur,

633 1152 812 1209 quam
867 1134 930 1191 in
985 1134 1180 1208 primo
1236 1132 1382 1191 folio
1437 1131 1925 1191 bibliothecarius
1972 1132 2191 1206 aliquis
2244 1132 2479 1191 saeculo
2528 1130 2643 1190 XII
2698 1134 2931 1207 posuit:

629 1225 736 1281 ‘iste
799 1224 944 1281 liber
1000 1226 1082 1280 est
1145 1221 1216 1280 de
1271 1223 1532 1281 armario
1587 1217 1651 1279 bi
1694 1222 1937 1279 martini
1982 1216 2078 1278 tuf·
2089 1212 2170 1300 ⁴),
2234 1220 2573 1295 ibidemque
2619 1226 2929 1281 exaratum

632 1330 757 1371 esse
803 1312 900 1370 uel
947 1330 978 1371 e
1023 1311 1362 1370 litterarum
1407 1329 1620 1387 genere
1666 1301 1941 1389 elucet.⁵)
2032 1310 2267 1369 saeculo
2316 1308 2458 1367 XVI
2501 1311 2565 1367 in
2610 1310 2929 1370 bibliothe-

632 1420 762 1459 cam
808 1400 1054 1459 Henrici
1099 1399 1366 1458 Memmii
1411 1390 1512 1480 (de
1558 1390 1841 1477 Mesmes)
1885 1398 2175 1474 peruenit,
2228 1400 2395 1457 cuius
2440 1400 2679 1458 nomine
2724 1400 2926 1459 hodie-

631 1496 744 1566 que
781 1489 1019 1549 laudari
1065 1489 1232 1562 solet,
1279 1492 1410 1547 tum
1447 1506 1594 1548 saec.
1625 1486 1831 1545 XVIII
1865 1488 2109 1546 ineunte
2144 1488 2205 1545 in
2244 1489 2473 1564 regiam
2510 1482 2929 1569 Parisinam.⁶)

630 1580 721 1637 usi
770 1584 908 1637 sunt
952 1577 1124 1651 libr0‚
1170 1580 1336 1636 cuius
1379 1579 1811 1654 praestantiam
1848 1576 1922 1635 ab
1960 1577 2136 1635 initio
2177 1594 2379 1635 omnes
2415 1577 2931 1653 praedicanerunt,

628 1668 898 1743 plurimi,
963 1669 1190 1743 primus
1244 1668 1317 1725 ut
1370 1666 1610 1724 uidetur
1654 1664 1996 1725 Hadrianus
2045 1664 2379 1739 Turnebus,
2440 1665 2651 1728 deinde
2710 1666 2927 1726 Casau-

629 1756 844 1829 bonus,
907 1755 1234 1814 Salmasius
1248 1747 1299 1837 7)
1364 1746 1671 1834 aliique.⁸)
1762 1759 1966 1813 nostra
2031 1758 2229 1813 aetate
2294 1752 2487 1813 denno
2551 1756 2931 1816 contulerunt

629 1846 788 1905 Roth
862 1838 1126 1926 (1855),
1191 1842 1256 1903 G.
1323 1844 1549 1903 Becker
1611 1836 1875 1925 (1856),
1940 1842 2403 1903 Preud'homme.
2504 1844 2629 1920 ipse
2702 1848 2932 1905 excussi

631 1953 683 1994 a.
721 1934 886 1993 1893
937 1938 996 1993 et
1039 1933 1205 1993 1895
1257 1952 1653 2011 magnamque
1698 1937 1932 2008 partem
1977 1934 2299 2010 recognoui
2344 1950 2396 1992 a.
2432 1934 2602 1993 1900
2641 1936 2703 1992 et
2740 1936 2927 1994 1904.

500 2018 604 2085 Μ’
628 2021 1000 2082 incommode
1063 2026 1261 2081 autem
1329 2022 1543 2081 accidit
1598 2025 1668 2080 ut
1721 2022 1992 2099 egregius
2057 2020 2209 2081 liber
2263 2024 2640 2097 correctoris,
2704 2026 2773 2081 ut
2827 2022 2928 2081 ad-

632 2113 801 2185 solet,
847 2131 1088 2170 manum
1137 2114 1412 2187 expertus
1459 2113 1566 2182 sit,
1626 2111 1793 2171 cuius
1840 2114 2101 2169 aetatem
2147 2112 2483 2169 accuratius
2529 2112 2763 2187 assequi
2810 2131 2927 2171 non

632 2204 818 2277 potui,
868 2200 973 2277 qui
1016 2204 1220 2258 tamen
1264 2202 1412 2260 satis
1460 2199 1763 2274 antiquus,
1811 2202 1965 2257 certe
2013 2198 2249 2258 saeculo
2279 2198 2395 2257 XII
2440 2217 2559 2258 non
2604 2204 2695 2259 est
2734 2208 2931 2277 poste·

631 2293 768 2349 rior.
861 2288 1020 2347 idem
1073 2306 1216 2347 uero
1277 2290 1489 2364 opinor
1533 2294 1624 2348 est
1670 2288 1776 2363 qui
1821 2288 2031 2365 primis
2078 2287 2297 2346 codicis
2344 2288 2581 2366 paginis
2628 2290 2727 2347 uel
2772 2290 2934 2349 inter

633 2398 838 2439 uersus
884 2378 982 2436 uel
1029 2376 1104 2436 ad
1150 2379 1478 2455 marginem
1523 2377 1752 2454 glossas
1790 2378 2035 2451 adleuit‚
2082 2395 2233 2451 quas
2270 2378 2366 2435 hic
2403 2380 2669 2452 repetere
2706 2379 2862 2438 n010.
2877 2371 2933 2459 9)

633 2487 751 2527 non
798 2468 1005 2544 paucis
1050 2467 1197 2525 locis
1231 2466 1550 2525 dubitatio
1605 2466 1983 2542 relinquitur,
2042 2466 2106 2524 id
2163 2466 2319 2541 quod
2377 2466 2600 2541 passim
2644 2467 2933 2541 indicaui,

632 2562 832 2617 utrum
888 2558 1006 2633 ipsi
1058 2554 1304 2615 librario
1359 2554 1685 2614 debeantur
1736 2556 2048 2615 emendata
2102 2574 2179 2613 an
2235 2556 2554 2613 correctori
2600 2558 2661 2613 et
2705 2557 2930 2634 glossa·

634 2647 778 2719 tori,
843 2646 904 2703 id
967 2643 1126 2721 quod
1165 2645 1353 2704 ⁴cadit
1415 2644 1670 2703 maxime
1732 2646 1799 2704 in
1862 2647 2083 2721 puncta
2148 2642 2486 2702 litterarum
2548 2644 2931 2705 delendarum

635 2754 815 2795 causa
879 2752 1059 2810 supra
1122 2734 1219 2792 uel
1283 2734 1443 2792 infra
1506 2735 1707 2810 posita
1769 2752 1959 2808 neque
2022 2734 2221 2792 minus
2286 2734 2347 2791 in
2410 2733 2641 2793 litteras
2698 2735 2934 2810 scalpro

635 2842 860 2897 erasae,
923 2824 1088 2882 cuius
1135 2826 1368 2900 generis
1415 2823 1468 2880 si
1511 2842 1629 2880 non
1679 2820 1880 2881 omnia
1926 2826 1992 2880 at
2036 2823 2320 2898 pleraque
2365 2823 2681 2897 posteriori
2728 2824 2933 2882 manui

637 2946 923 2959 —..-,-.-.-
992 2947 1060 2951 --

815 3014 866 3081 1)
903 3010 1233 3065 Accuratius
1264 3009 1477 3079 primus
1508 3008 1808 3078 descripsit
1839 3008 1983 3063 Roth
2013 3008 2187 3077 praef.
2219 3027 2272 3077 p.
2304 3008 2403 3061 XX
2425 3026 2563 3077 sqq.,
2603 3010 2671 3063 c-f.
2704 3010 2936 3063 Preud'-

635 3084 874 3150 homme,
912 3082 1215 3136 'Pr-oisieme
1256 3081 1422 3135 etude
1461 3097 1515 3148 p.
1547 3086 1630 3134 63.

815 3160 866 3223 2)
906 3154 1066 3208 Folia
1101 3152 1346 3206 numeris
1380 3154 1577 3207 notata
1617 3154 1749 3204 sunt
1781 3157 2016 3217 1—116‚
2058 3157 2335 3205 118-126
2376 3156 2499 3219 (117
2530 3152 2769 3206 omissus
2808 3156 2933 3223 est).

635 3225 928 3294 quaternio
981 3228 1212 3293 quartus
1264 3227 1388 3278 octo
1441 3222 1594 3275 foliis
1644 3226 1912 3292 (41—48)
1964 3224 2440 3292 comprehendens
2492 3224 2666 3277 uerba
2716 3224 2845 3278 inde
2899 3242 2937 3278 a

636 3315 689 3365 p.
723 3302 807 3363 70,
839 3303 904 3351 10
943 3298 1120 3351 titulis
1165 3313 1341 3363 usque
1389 3312 1442 3363 p.
1475 3300 1559 3359 94,
1593 3303 1658 3347 19
1702 3294 1987 3349 Corinthia
2024 3294 2335 3364 bibliopegi
2384 3294 2743 3365 neglegentia
2785 3296 2931 3350 male

635 3371 958 3437 compactus
999 3367 1141 3420 sexti
1179 3366 1363 3419 locum
1401 3366 1715 3433 occupauit.

814 3443 866 3507 3)
904 3438 1010 3492 Vel
1046 3439 1234 3507 potius
1271 3438 1584 3503 Suetanim,
1623 3441 1689 3491 ut
1726 3435 1987 3489 adfirmat
2024 3436 2089 3489 Η.
2122 3437 2399 3507 Lebegue,
2437 3438 2525 3490 cui
2566 3456 2603 3491 a
2640 3456 2705 3490 ex
2744 3456 2774 3491 ο
2813 3455 2931 3491 cor·

635 3515 788 3563 recta
825 3510 950 3564 uisa
987 3518 1087 3563 est.

815 3586 868 3643 4)
906 3581 1041 3635 Inde
1081 3582 1253 3635 etiam
1295 3580 1715 3635 ‘Turonensem’
1759 3578 2139 3648 appellabant.

815 3656 867 3722 5)
907 3652 987 3707 cf.
1025 3653 1175 3705 infra
1211 3670 1264 3721 p.
1295 3652 1462 3707 XXV.
1539 3653 1606 3706 de
1649 3652 1955 3720 scripturae
1996 3650 2341 3719 compendiis
2380 3670 2433 3719 p.
2464 3651 2682 3705 XXVII.

817 3728 869 3791 6)
907 3724 969 3778 In
1008 3724 1130 3793 ipso
1161 3724 1351 3778 codice
1381 3741 1549 3777 manu
1579 3724 1787 3776 recenti
1820 3722 2165 3789 adscriptum
2206 3726 2289 3775 est
2322 3721 2529 3776 ‘Codex
2564 3724 2937 3776 Memmianus

637 3795 785 3849 inter
831 3796 1185 3866 Bigotianos‚
1239 3801 1356 3848 196.
1423 3795 1486 3848 R.
1527 3796 1709 3849 5984'.
1786 3810 1932 3847 anno
1984 3800 2117 3846 1706
2170 3793 2389 3847 uenalis
2440 3795 2763 3863 propositus
2812 3798 2933 3847 erat

637 3867 784 3921 inter
839 3867 1193 3936 Bigotianos;
1246 3866 1314 3919 cf.
1371 3866 1427 3920 L.
1471 3866 1710 3931 Delisle,
1766 3864 2119 3918 Bibliotheca
2176 3864 2478 3934 Bigotiana
2532 3866 2933 3934 manuscripta.

638 3938 944 4009 Catalogue
983 3940 1080 3991 des
1119 3956 1248 3991 mss.
1297 3937 1630 3991 rassembles
1680 3954 1751 3989 au
1782 3936 1955 3988 XVII*-
1996 3935 2160 3988 siecle
2210 3953 2312 4004 par
2358 3941 2438 3989 les
2480 3936 2671 4001 Bigot,
2718 3938 2824 3989 mis
2864 3955 2935 3989 en

637 4013 800 4063 vente
841 4028 912 4063 au
949 4010 1091 4063 mois
1131 4011 1198 4063 de
1231 4008 1426 4078 juillet
1457 4014 1611 4075 1706,
1651 4007 2007 4075 aujourd’hui
2052 4010 2340 4061 conserves
2380 4010 2414 4059 a
2449 4008 2507 4060 la
2538 4008 2933 4075 Bibliotheque

636 4080 936 4135 Nationale
978 4082 1192 4151 (Rouen
1235 4084 1391 4149 1877)
1429 4099 1482 4149 p.
1516 4086 1581 4133 56
1622 4098 1703 4132 nr.
1740 4084 1838 4131 196
1879 4082 1935 4131 et
1972 4098 2025 4146 p.
2057 4079 2197 4132 XIX.

817 4157 868 4219 7)
906 4153 1038 4206 Inde
1073 4151 1430 4205 ‘Salmasiani
1461 4151 1693 4204 codicis'
1734 4150 1943 4203 mentio
1985 4151 2134 4218 apud
2166 4149 2462 4204 Graevium
2498 4149 2764 4218 aliosque.
2806 4168 2934 4203 con-

637 4224 846 4277 tulerat
885 4224 1189 4278 Salmasius
1239 4224 1311 4277 ad
1359 4222 1672 4277 Casauboni
1722 4221 2038 4289 exemplum
2076 4226 2149 4291 (a.
2184 4228 2369 4286 1610),
2416 4222 2563 4290 quod
2614 4226 2937 4274 asseruatur

637 4296 696 4349 in
735 4295 1080 4351 bibliotheca
1116 4294 1394 4347 Leidensi.

818 4372 869 4429 8)
907 4367 1146 4420 Ricardo
1179 4366 1409 4434 Bentley
1443 4383 1490 4417 a.
1525 4370 1659 4417 1719
1692 4364 1931 4418 contulit
1958 4364 2103 4418 John
2134 4364 2383 4430 VValker‚
2421 4364 2490 4417 cf.
2522 4364 2803 4417 Sitz.·Ber.
2836 4364 2935 4416 der

637 4438 691 4491 k.
723 4438 904 4492 Akad.
947 4440 1043 4491 der
1086 4437 1562 4490 Wissenschaften
1601 4454 1669 4488 zu
1708 4436 1897 4489 Berlin
1940 4442 2071 4489 1901
2114 4454 2166 4504 p.
2199 4441 2318 4487 678.

819 4514 869 4574 9)
909 4509 1288 4563 Notabiliores
1328 4508 1574 4561 breuiter
1613 4508 1910 4560 adnotatas
1960 4507 2110 4559 edidi
2156 4507 2342 4560 Herm.
2374 4512 2440 4560 36
2482 4525 2533 4575 p.
2567 4512 2665 4558 357
2692 4524 2799 4573 sq.;
2850 4524 2931 4557 se-

639 4582 813 4635 lec-tas
853 4598 1060 4649 paucas
1099 4582 1156 4633 in
1197 4580 1594 4632 commentario
1633 4579 1827 4632 critico
1869 4579 2050 4633 attuli.
