3259 5209
674 423 759 488 66
1372 424 1427 479 C.
1468 422 1782 479 SVETONI
1819 422 2264 489 TRANQVILLI

672 585 935 671 Romae,
980 584 1092 650 sed
1138 590 1437 671 quartum
1486 586 1889 651 consulatum
1937 587 2007 651 in
2050 584 2234 669 Asia,
2292 585 2594 669 quintum
2639 586 2710 650 in
2753 584 2974 651 insula

674 690 885 775 SamO,
931 696 1229 757 octauum
1279 697 1343 757 et
1387 715 1631 759 nonum
1677 692 2038 759 Tarracone
2085 692 2225 759 init.

563 797 649 865 27
846 798 1355 863 Triumuiratum
1400 799 1493 863 rei
1539 821 1601 883 p.
1650 799 2133 864 constituendae
2183 820 2300 884 per
2347 798 2566 865 decem
2609 820 2814 866 annos
2859 798 2972 863 ad-

667 904 1091 990 ministrauit;
1158 905 1228 969 in
1291 927 1419 989 quo
1475 906 1716 971 restitit
1779 906 2036 989 quidem
2092 905 2491 991 aliquamdiu
2555 905 2820 991 collegis
2887 926 2972 971 ne

669 1033 795 1096 qua
849 1012 1033 1076 fieret
1086 1012 1501 1098 proscriptio,
1564 1012 1678 1079 sed
1730 1012 2053 1097 inceptam
2107 1016 2389 1095 utroque
2445 1012 2738 1077 acerbius
2793 1033 2976 1075 exer-
3033 1034 3065 1078 ε

668 1118 815 1183 cuit.
896 1140 1173 1203 namque
1218 1119 1349 1183 illis
1395 1121 1462 1183 in
1507 1119 1862 1184 multorum
1911 1140 2101 1202 saepe
2145 1140 2488 1202 personam
2523 1139 2640 1203 per
2685 1118 2970 1205 gratiam

667 1230 735 1289 et
785 1246 1006 1309 preces
1062 1226 1497 1291 exorabilibus
1552 1224 1728 1289 solus
1793 1246 2032 1312 magno
2089 1246 2284 1309 opere
2340 1224 2670 1290 contendit
2723 1247 2806 1289 ne
2861 1226 2972 1290 cui

664 1337 1055 1416 parceretur,
1110 1334 1613 1417 proscripsitque
1670 1334 1864 1396 etiam
1913 1330 1978 1398 G.
2024 1331 2376 1397 Toranium
2421 1335 2708 1397 tutorem
2755 1354 2972 1415 suum,

596 1454 627 1502 2
668 1440 937 1503 eundem
1000 1439 1315 1526 collegam
1361 1439 1566 1523 patris
1622 1440 1723 1503 sui
1769 1436 1999 1503 Octaui
2060 1438 2127 1502 in
2175 1438 2518 1504 aedilitate.
2599 1436 2806 1503 Iulius
2857 1437 2972 1503 Sa-

663 1547 963 1611 turninus
1016 1545 1143 1611 hoc
1206 1545 1482 1630 amplius
1535 1545 1766 1629 tradit,
1829 1567 1978 1610 cum
2034 1548 2294 1630 peracta
2347 1544 2824 1629 proscriptione
2877 1545 2968 1610 M.
2999 1570 3060 1613 ιο

662 1652 945 1736 Lepidus
990 1652 1061 1717 in
1104 1657 1329 1717 senatu
1368 1656 1735 1717 excusasset
1768 1652 2116 1736 praeterita
2152 1656 2217 1716 et
2255 1672 2433 1736 spem
2474 1651 2850 1739 clementiae
2897 1652 2968 1715 in

663 1764 997 1843 posterum
1022 1760 1300 1844 fecisset,
1337 1759 1642 1843 quoniam
1671 1760 1826 1823 satis
1855 1779 2210 1843 poenarum
2239 1760 2534 1823 exactum
2565 1761 2753 1842 esset,
2788 1757 2970 1823 hunc

664 1888 699 1930 e
760 1866 1015 1931 diuerso
1074 1866 1464 1949 professum,
1522 1867 1633 1930 ita
1692 1866 1992 1931 modum
2057 1887 2132 1929 se
2195 1864 2754 1949 proscribendi
2811 1869 2968 1929 sta-

662 1973 932 2055 tuisse,
978 1975 1061 2036 ut
1107 1973 1367 2037 omnia
1412 1971 1560 2036 sibi
1608 1971 2022 2056 reliquerit
2065 1971 2330 2037 libera,
2401 1971 2470 2037 in
2516 1972 2698 2035 cuius
2743 1974 2966 2037 tamen

662 2079 1048 2162 pertinaciae
1076 2080 1537 2162 paenitentiam
1563 2083 1792 2163 postea
1812 2077 1883 2143 T.
1895 2076 2162 2142 Vinium
2182 2077 2765 2163 Philopoemenem,
2785 2079 2958 2162 quod
2995 2102 3050 2144 ιε

662 2190 1004 2268 patronum
1063 2208 1249 2249 suum
1306 2186 1742 2269 proscriptum
1799 2185 2038 2249 celasse
2090 2184 2246 2249 olim
2293 2185 2629 2268 diceretur,
2675 2187 2963 2271 equestri

592 2305 625 2351 3
666 2292 978 2377 dignitate
1030 2291 1393 2356 honorauit.
1476 2293 1546 2355 in
1610 2292 1828 2355 eadem
1883 2291 2006 2354 hac
2071 2295 2394 2375 potestate
2449 2290 2796 2374 multiplici
2854 2292 2967 2355 fiae

663 2400 877 2483 grauit
912 2398 1173 2463 inuidia.
1244 2421 1391 2462 nam
1432 2403 1496 2461 et
1534 2398 1864 2461 Pinarium
1904 2400 2186 2482 equitem
2225 2397 2321 2483 R,
2360 2420 2505 2462 cum
2545 2398 2962 2463 contionante

664 2524 731 2566 se
777 2503 1057 2568 admissa
1109 2504 1299 2569 turba
1352 2526 1751 2590 paganorum
1806 2506 1975 2590 apud
2033 2506 2270 2570 milites
2318 2504 2724 2569 subscribere
2771 2526 2964 2587 quae-

662 2610 809 2674 dam
865 2612 1439 2698 animaduertisset,
1487 2614 1812 2676 curiosum
1862 2634 1936 2675 ac
1983 2612 2453 2696 speculatorem
2510 2615 2690 2677 ratus
2741 2632 2958 2675 coram
2987 2634 3044 2677 10

663 2718 920 2781 confodi
976 2720 1344 2803 imperauit3
1410 2723 1475 2783 et
1531 2719 1802 2783 Tedium
1859 2718 2091 2782 Afrum
2147 2717 2476 2783 consulem
2533 2718 2962 2804 designatum,

664 2826 814 2907 quia
885 2826 1124 2888 factum
1202 2826 1523 2909 quoddam
1597 2848 1790 2890 suum
1861 2826 2149 2911 maligno
2225 2846 2519 2889 sermone
2593 2827 2960 2909 carpsisset,

590 2944 624 2991 4
662 2933 862 2995 tantis
909 2934 1263 2996 conterruit
1309 2935 1501 2996 minis
1512 2986 1528 3017 ,
1588 2936 1659 2997 ut
1707 2934 1763 2996 is
1809 2954 1878 2996 se
1924 2933 2472 3016 praecipitauerit3
2532 2935 2598 2995 et
2643 2930 2959 3007 Quintum

664 3036 943 3101 Gallium
1002 3042 1391 3122 praetorem,
1459 3041 1527 3103 in
1588 3040 1804 3103 officio
1865 3039 2276 3103 salutationis
2334 3038 2608 3102 tabellas
2669 3038 2958 3122 duplices

660 3148 838 3207 ueste
886 3149 1087 3208 tectas
1136 3150 1476 3228 tenentem,
1525 3148 1888 3229 suspicatus
1937 3146 2222 3229 gladium
2266 3145 2572 3230 occulere,
2617 3167 2737 3210 nec
2783 3148 2958 3229 quic·
2984 3166 3034 3206 25

660 3273 853 3333 quam
910 3253 1157 3333 statim,
1221 3273 1301 3314 ne
1358 3252 1531 3314 aliud
1594 3252 2019 3335 inueniretur,
2085 3273 2278 3315 ausus
2345 3252 2697 3337 inquirere,
2761 3251 2955 3336 paulo

658 3362 807 3439 post
860 3379 977 3439 per
1029 3360 1432 3421 centuriones
1488 3362 1553 3421 et
1607 3359 1847 3422 milites
1904 3362 2158 3441 raptum
2208 3381 2241 3421 e
2288 3358 2599 3422 tribunali
2655 3358 2957 3425 seruilem

658 3463 727 3525 in
772 3463 1035 3529 modum
1081 3466 1271 3528 torsit
1326 3487 1399 3527 ac
1454 3465 1762 3528 fatentem
1812 3464 1974 3528 nihil
2032 3465 2222 3528 iussit
2269 3465 2474 3529 occidi
2517 3466 2701 3551 prius
2751 3465 2954 3529 oculis

661 3571 796 3633 eius
844 3591 959 3633 sua
1005 3594 1199 3634 manu
1245 3571 1519 3654 effossis;
1567 3593 1757 3654 quem
1805 3574 2025 3635 tamen
2079 3571 2306 3634 scribit
2355 3571 2702 3657 conloquio
2748 3572 2953 3655 petito

659 3676 1034 3740 insidiatum
1083 3678 1208 3740 sibi
1255 3679 1740 3761 coniectumque
1788 3700 1826 3740 a
1873 3700 1940 3740 se
1987 3680 2054 3741 in
2102 3679 2477 3762 custodiam,
2525 3676 2750 3743 deinde
2795 3678 2952 3742 urbe
2979 3698 3031 3738 so

804 3992 833 4037 2
872 3986 981 4039 init
1023 3988 1080 4054 V,
1136 3986 1242 4039 mit
1283 3989 1377 4053 Μ,
1428 3985 1560 4041 iniit
1595 3988 1689 4041 rel.
1730 3988 1925 4056 (παῖς.)
2071 3993 2104 4039 4
2152 4003 2220 4039 110
2267 4004 2380 4053 qua
2427 4004 2526 4041 om.
2570 3988 2622 4041 V
2759 3991 2790 4038 6
2827 4002 2950 4055 per-

659 4083 797 4119 sona
836 4068 1072 4137 Illadviy
1216 4072 1245 4118 9
1286 4067 1633 4135 eundemque
1665 4068 1798 4121 115²
1829 4069 2024 4135 (111119.)
2168 4067 2320 4135 patri
2359 4075 2408 4120 et
2446 4067 2758 4121 aedulitate
2799 4067 2872 4119 M

657 4145 829 4199 iulius
872 4149 945 4201 M
954 4148 1041 4200 Vs
1052 4190 1068 4212 ,
1123 4146 1311 4200 iunius
1357 4149 1448 4201 rel.
1499 4149 1661 4216 (edd.)
1827 4154 1891 4200 15
1939 4147 2155 4199 iunium
2193 4146 2328 4199 X‘T
2489 4152 2552 4199 18
2593 4146 2742 4219 <Τ.>
2785 4146 2950 4199 Pina-

656 4228 802 4279 rium
844 4228 1075 4281 Casaub.
1240 4244 1405 4295 quem
1443 4229 1627 4282 Fiihse
1774 4232 1837 4281 19
1876 4228 2156 4296 quendam
2201 4229 2278 4292 G,
2331 4243 2478 4295 quae
2517 4229 2569 4282 V
2715 4232 2782 4281 21
2820 4244 2950 4281 eun-

658 4308 776 4360 dem
828 4306 1141 4361 Vttiedium
1192 4308 1391 4361 Afrum
1458 4310 1609 4361 tituli
1663 4308 1794 4363 CIL
1846 4308 1948 4361 XI
1955 4309 2005 4360 V
2049 4313 2188 4361 3615
2251 4325 2359 4361 esse
2417 4310 2557 4361 coni.
2618 4308 2950 4378 Boryhesius

658 4393 725 4439 22
764 4388 1009 4455 carpisse
1034 4390 1118 4455 M,
1158 4389 1431 4455 capsisset
1464 4390 1515 4443 V
1653 4393 1718 4440 23
1759 4388 1843 4440 uti
1883 4404 1939 4440 se
1966 4388 2033 4453 G,
2069 4388 2272 4439 utisset
2305 4389 2358 4441 V
2493 4393 2560 4443 25
2600 4387 2794 4458 gladio
2835 4388 2884 4439 V

656 4468 782 4536 nec]
830 4484 899 4520 ne
943 4469 1060 4523 GV
1206 4472 1270 4521 27
1322 4470 1375 4538 e]
1425 4472 1483 4521 et
1514 4471 1597 4533 M,
1658 4486 1724 4521 ex
1759 4469 1808 4521 G
1965 4475 2030 4521 ‘28
2081 4484 2146 4521 ac
2193 4486 2292 4521 om.
2330 4470 2380 4523 G
2525 4467 2948 4523 oculos-effusos

657 4546 907 4616 (effossos
939 4550 993 4617 ὃ)
1018 4550 1091 4603 M
1096 4550 1155 4613 ὃ,
1196 4550 1322 4602 iude
1362 4548 1550 4602 effusis
1572 4550 1841 4602 Heinsius
1871 4548 2076 4617 (effosis
2114 4550 2270 4602 habet
2305 4550 2370 4618 T)
2517 4554 2586 4601 30
2621 4548 2682 4601 in
2719 4564 2821 4604 om.
2865 4550 2946 4605 Vs
