3259 5209
616 467 747 532 296
1314 468 1370 522 Ο.
1412 467 1726 522 SVET-ONI
1762 467 2209 533 TRANQVILLI

616 636 1020 716 tractumque
1075 631 1402 697 socculum
1460 631 1756 696 dextrum
1803 619 1972 698 inter
2017 635 2236 718 togam
2281 632 2662 716 tunicasque
2707 637 2914 717 gesta—

616 738 717 803 uit
760 736 1031 829 assidue,
1083 751 1565 822 nonnumquam
1623 739 2117 806 osculabundus,
2207 738 2496 804 Narcissi
2539 743 2802 822 'quoque
2851 741 2916 802 et

617 845 929 916 Pallantis
966 845 1281 932 imagines
1318 867 1541 910 aureas
1578 845 1747 910 inter
1782 844 1985 909 Lares
2016 846 2234 911 coluit.
2299 845 2494 910 huius
2519 849 2598 909 'et
2633 844 2748 909 illa
2783 866 2916 908 uox

618 957 742 1022 est:
815 973 1039 1036 saepe
1112 952 1382 1037 faciae,
1467 973 1613 1016 cum
1688 953 2045 1040 saeculares
2111 953 2296 1019 ludos
2373 951 2588 1017 edenti
2647 950 2915 1016 Claudio

548 1063 591 1128 3
620 1059 1071 1146 gratularetur.
1110 1067 1120 1075 ‘
1156 1059 1426 1124 decessit
1470 1059 1756 1144 paralysi
1801 1059 2020 1124 altero-
2052 1057 2153 1122 die
2191 1080 2385 1143 quam
2424 1063 2758 1142 correptus
2783 1063 2916 1140 est,
2973 1083 3016 1124 3

618 1164 868 1260 duobus
915 1166 1067 1230 filiis
1115 1165 1569 1250 superstitibus
1579 1216 1596 1248 ,
1655 1172 1816 1250 quo‘s
1864 1188 1944 1230 ex
1991 1164 2251 1230 Sestilia
2294 1164 2756 1250 probatissima
2799 1185 2920 1229 nec

618 1272 894 1360 ignobili
929 1273 1171 1364 femina
1207 1273 1414 1337 editos
1463 1273 1758 1337 consules
1805 1272 1989 1355 uidit,
2027 1276 2092 1336 et
2129 1271 2388 1356 quidem
2425 1273 2650 1336 eodem
2687 1271 2919 1336 ambos

618 1382 887 1462 totoque
932 1399 1119 1464 anne,
1176 1401 1321 1445 cum
1377 1379 1609 1443 maiori
1656 1379 1870 1444 minor
1915 1379 1984 1443 in
2031 1401 2143 1444 sex
2191 1401 2444 1444 menses
2491 1379 2922 1442 successisset.

620 1485 992 1551 defunctum
1039 1490 1298 1551 senatus
1343 1484 1607 1570 publico
1653 1486 1876 1550 funere
1921 1485 2287 1564 honorauit,
2333 1486 2490 1550 item
2538 1489 2754 1550 statua
2797 1505 2922 1569 pro

617 1594 846 1658 rostris
894 1615 1041 1662 cum
1077 1591 1197 1656 hac
1234 1593 1681 1677 inscriptione:
1727 1609 2052 1658 Pls'rA‘rls
2093 1609 2458 1658 muomms
2499 1609 2687 1656 ERGA
2723 1609 2919 1655 Pum—
2953 1617 3018 1657 ιο

623 1717 852 1764 οῑΡΕΜ.
1836 1751 1838 1754 ,
2677 1730 2682 1734 ·
2735 1755 2741 1762 .

550 1811 583 1859 2
798 1805 873 1870 A.
924 1805 1225 1871 Vitellius
1262 1805 1331 1872 L.
1378 1805 1551 1871 filius
1598 1807 1953 1890 imperator
1996 1811 2190 1870 natus
2227 1809 2326 1870 est
2362 1802 2540 1869 VIII.
2579 1803 2722 1872 Kal.
2763 1803 2921 1887 Oct,

408 1935 603 1984 ·.151›.c.
624 1915 731 1978 uel
776 1918 848 1981 ut
894 1913 1154 1997 quidam
1200 1910 1341 1977 VII.
1391 1911 1481 1977 Id.
1530 1911 1725 1997 Sept„
1770 1912 1983 1976 Druso
2033 1911 2304 1977 Caesare
2340 1911 2651 1977 Norbano
2693 1911 2922 1975 Flacco

621 2041 792 2087 cons.
840 2021 1202 2106 genituram
1248 2019 1384 2086 eius
1430 2018 1828 2103 praedictam
1877 2041 1914 2082 a
1961 2018 2436 2085 mathematicis
2482 2020 2576 2083 ita
2621 2022 2921 2102 parentes

622 2127 1111 2210 exhorruerunt,
1166 2130 1241 2191 ut
1294 2130 1479 2210 pater
1534 2146 1770 2212 magno
1817 2146 2011 2209 opere
2057 2147 2309 2213 semper
2353 2126 2780 2208 contenderit,
2838 2146 2921 2188 ne
2956 2149 3018 2191 ιε

623 2256 749 2318 qua
796 2235 854 2300 ei
900 2231 1234 2317 prouincia
1278 2233 1432 2297 uiuo
1481 2255 1549 2296 se
1597 2233 2127 2316 committeretur,
2171 2235 2379 2297 mater
2423 2236 2489 2296 et
2534 2233 2804 2296 missum
2843 2230 2924 2295 ad

618 2342 909 2426 legiones
970 2343 1033 2402 et
1092 2341 1489 2423 appellatum
1548 2340 2003 2423 imperatorem
2074 2361 2192 2424 pro
2255 2339 2499 2403 afflicto
2560 2339 2781 2404 statim
2837 2338 2924 2402 la-

624 2449 911 2511 mentata
948 2447 1049 2510 sit.
1132 2447 1473 2531 pueritiam
1511 2447 1914 2530 primamque
1954 2445 2450 2510 adulescentiam
2489 2444 2749 2528 Capreis
2789 2443 2924 2530 egit

624 2554 791 2618 inter
836 2552 1179 2617 Tiberiana
1233 2558 1470 2634 scorta,
1526 2557 1591 2616 et
1639 2554 1776 2636 ipse
1821 2557 2134 2636 perpetuo
2183 2550 2642 2636 spint[he]riae
2689 2573 2924 2636 cogno-

626 2662 798 2726 mine
842 2665 1107 2725 notatus
1152 2659 1688 2744 existimatusque
1736 2658 2021 2742 corporis
2068 2659 2275 2744 gratia
2321 2659 2581 2723 initium
2631 2663 2695 2722 et
2732 2679 2926 2722 causa
2955 2685 3016 2724 so

554 2769 600 2836 4
629 2769 1182 2832 incrementorum.
1221 2768 1393 2852 patri
1438 2766 1667 2851 fuisse3
1722 2766 2016 2849 sequenti
2065 2785 2320 2850 quoque
2367 2770 2574 2830 aetate
2622 2765 2923 2829 omnibus

624 2875 879 2959 probris
927 2875 1418 2957 contaminatuS,
1462 2875 1878 2958 praecipuum
1929 2873 1996 2936 in
2040 2873 2188 2937 aula
2233 2872 2446 2938 locum
2485 2873 2714 2954 tenuit,
2762 2869 2924 2935 Gaio

625 3005 740 3066 per
784 2981 1136 3066 aurigandi,
1200 2979 1467 3044 Claudio
1526 3002 1643 3063 per
1697 2979 1871 3043 aleae
1918 2978 2202 3043 studium
2249 2979 2612 3056 familiaris,
2659 2978 2771 3042 sed
2815 2978 2926 3042 ali·

627 3093 868 3173 quanto
916 3087 1161 3152 Neroni
1220 3087 1561 3171 acceptior,
1616 3107 1761 3151 cum
1820 3089 2088 3170 propter
2147 3084 2368 3150 eadem
2414 3083 2588 3168 haec,
2635 3090 2775 3150 tum
2819 3106 2925 3169 pe-

626 3196 852 3260 culiari
900 3196 1148 3279 merit0,
1196 3194 1367 3278 quod
1414 3193 1786 3277 praesidens
1833 3193 2166 3256 certamini
2213 3192 2510 3257 Neroneo
2560 3192 2923 3276 cupientem
2955 3217 3012 3258 π

626 3304 794 3367 inter
840 3301 1242 3366 citharoedos
1281 3301 1663 3365 contendere
1701 3321 1815 3364 nec
1857 3301 2151 3383 quamuis
2186 3299 2636 3386 flagitantibus
2675 3299 2925 3364 cunctis

625 3410 1003 3493 promittere
1058 3407 1394 3472 audentem
1462 3407 1733 3489 ideoque
1790 3428 2114 3492 egressum
2171 3405 2424 3470 theatro
2493 3408 2926 3486 reuocauerat,

628 3515 810 3598 quasi
868 3515 1335 3598 perseuerantis
1392 3513 1620 3596 populi
1674 3513 1995 3598 legatione
2043 3515 2356 3596 suscepta,
2403 3512 2928 3596 exorandumque

627 3622 1025 3706 praebuerat.

560 3731 601 3796 5
810 3726 1034 3791 Trium
1072 3725 1289 3812 itaque
1327 3727 1691 3812 principum
1727 3725 2127 3812 indulgentia
2163 3747 2294 3790 non
2332 3726 2544 3791 solum
2571 3725 2929 3791 honoribus
2958 3751 3016 3793 so

628 3857 853 3900 uerum
900 3839 966 3898 et
1011 3830 1384 3898 sacerdotiis
1432 3831 1844 3918 amplissimis
1892 3836 2136 3915 auctus,
2183 3831 2712 3916 proconsulatum
2757 3831 2928 3896 Afri-

630 3964 739 4006 cae
785 3946 936 4026 post
980 3941 1139 4004 haec
1186 3961 1529 4024 curamque
1578 3962 1844 4025 operum
1891 3940 2299 4024 publicorum
2348 3939 2827 4004 administrauit
2865 3944 2932 4004 et

772 4142 805 4190 6
844 4151 901 4189 es
943 4137 1019 4190 M
1228 4137 1259 4187 6
1298 4132 1524 4187 sextilia
1561 4131 1782 4199 POST,
1819 4139 1870 4187 et
1903 4134 1982 4186 sic
2019 4133 2174 4204 apud
2210 4134 2333 4187 Tac.
2371 4133 2493 4189 hist.
2533 4133 2608 4186 II
2639 4135 2710 4186 64
2748 4132 2934 4187 editur

632 4222 662 4270 ‘1
702 4217 850 4270 ditos
883 4218 968 4282 M,
1014 4215 1167 4268 edito
1202 4213 1273 4280 R,
1322 4213 1535 4268 edictos
1576 4215 1640 4267 H
1851 4217 1916 4264 12
1954 4211 2259 4266 Auitellius
2290 4210 2510 4279 ML¹P‚
2554 4211 2631 4265 At
2675 4210 2930 4266 uitellius

631 4297 859 4352 L³OST
890 4299 1238 4366 (praenomen
1268 4295 1632 4364 perscriptum
1670 4295 1734 4347 in
1773 4292 1902 4362 HQ,
1941 4309 2039 4347 om.
2080 4295 2141 4346 in
2175 4293 2247 4361 G)
2394 4296 2457 4344 1‘1
2497 4291 2694 4346 statim
2713 4309 2830 4345 om.
2871 4295 2934 4359 Τ,

631 4384 757 4432 ante
794 4395 894 4447 pro
931 4377 1090 4431 habet
1126 4377 1175 4430 T
1342 4379 1405 4427 18
1445 4373 1650 4443 capitis
1685 4376 1736 4426 Τ
1913 4378 1978 4427 19
2016 4372 2076 4426 in
2113 4375 2385 4442 perpetuo
2425 4375 2483 4424 X
2512 4371 2675 4440 (imp-
2707 4371 2786 4435 P)

632 4457 940 4528 sphinterie
970 4459 1040 4523 H,
1080 4455 1347 4525 spinterie
1376 4454 1475 4509 ST
1612 4459 1679 4506 22
1709 4459 1835 4523 post
1862 4453 2278 4507 contaminatus
2301 4459 2570 4521 punctum
2591 4453 2756 4522 ponit
2785 4448 2934 4506 Roth

633 4543 700 4590 24
758 4536 906 4608 cum]
944 4539 1065 4590 tum
1103 4537 1210 4591 TN
1243 4543 1294 4590 et
1320 4552 1428 4604 pro
1466 4551 1518 4587 u.
1562 4535 1595 4589 l.
1635 4551 1703 4588 ss,
1735 4532 1802 4588 S*
1945 4539 2010 4586 27
2069 4533 2418 4604 promittere]
2458 4530 2685 4602 prodire
2724 4533 2935 4586 Becher

634 4623 702 4670 28
741 4615 1189 4684 exorabilemque
1220 4615 1452 4684 Bentley
1596 4619 1660 4666 31
1697 4613 2041 4680 sacerdotib;
2085 4615 2135 4669 G
