3259 5209
1243 445 1442 500 NERO
1481 458 1613 507 [cAr.
1646 459 1767 508 5—s]
2526 451 2657 514 235

362 609 745 671 conterritos
809 609 1136 692 refugisse.
1241 631 1402 692 quae
1465 610 1685 674 fabula
1750 615 1972 676 exorta
2040 617 2137 676 est
2201 613 2526 696 deprensis
2592 617 2659 678 in

361 714 528 777 lecto
595 715 732 776 eius
795 716 1035 779 circum
1099 717 1438 780 ceruicalia
1502 719 1813 801 serpentis
1878 720 2155 802 exuuiis;
2221 742 2377 802 quas
2444 725 2657 785 tamen

360 843 588 884 aureae
645 823 930 884 armillae
988 845 1066 885 ex
1123 824 1457 887 uoluntate
1513 825 1737 887 matris
1796 826 2073 888 inclusas
2118 808 2345 890 'dextro
2393 826 2655 892 brachio

361 928 642 1010 gestauit
707 929 1100 1012 aliquamdiu
1177 951 1250 993 ac
1315 931 1524 992 taedio
1600 931 1857 994 tandem
1925 935 2249 996 maternae
2314 936 2657 999 memoriae

301 1062 328 1101 ε
357 1033 594 1098 abiecit
638 1057 985 1118 rursusque
1031 1037 1332 1099 extremis
1381 1037 1512 1100 suis
1559 1035 1749 1101 rebus
1794 1038 2033 1101 frustra
2077 1040 2389 1122 requisiit.

537 1139 742 1204 Tener
797 1141 1004 1206 adhuc
1067 1143 1339 1206 necdum
1397 1150 1649 1206 matura
1712 1144 1987 1227 pueritia
2042 1146 2430 1210 circensibus
2485 1147 2653 1211 ludis
2689 1147 2725 1211 7

356 1246 617 1310 Troiam
664 1249 1182 1312 constantissime
1227 1249 1796 1334 fauorabiliterque
1842 1252 2014 1315 lusit.
2097 1251 2438 1317 undecimo
2489 1259 2654 1317 aeta-

357 1354 444 1416 tis
509 1375 677 1417 anno
743 1379 780 1418 a
847 1355 1115 1419 Claudio
1181 1356 1524 1440 adoptatus
1590 1362 1691 1420 est
1744 1358 2139 1441 Annaeoque
2197 1357 2471 1423 Senecae
2528 1362 2651 1424 iam

355 1465 513 1524 tunc
542 1463 819 1524 senatori
858 1464 926 1526 in
964 1462 1367 1546 disciplinam
1405 1462 1697 1527 traditus.
1760 1464 1975 1528 ferunt
2014 1463 2319 1529 Senecam
2357 1467 2655 1550 proxima

273 1597 330 1634 ιο
357 1572 546 1630 nocte
595 1569 806 1631 uisum
855 1568 976 1632 sibi
1024 1592 1136 1652 per
1184 1570 1463 1652 quietem
1514 1568 1580 1633 C.
1621 1569 1876 1634 Caesari
1923 1571 2305 1656 praecipere,
2351 1577 2416 1636 et
2460 1573 2653 1638 fidem

355 1673 610 1738 somnio
663 1672 837 1739 Nero
894 1676 1073 1739 breui
1133 1677 1286 1740 fecit
1343 1678 1596 1760 prodita
1652 1679 2051 1741 immanitate
2108 1683 2373 1743 naturae
2421 1681 2652 1763 quibus

355 1779 635 1862 primum
691 1783 904 1864 potuit
959 1784 1432 1866 experimentis,
1523 1805 1802 1866 namque
1866 1783 2307 1849 Britannicum
2374 1787 2653 1870 fratrem,

355 1886 530 1969 quod
595 1909 660 1950 se
716 1893 864 1971 post
927 1889 1338 1972 adoptionem
1396 1889 1982 1973 A<h>enobarbum
2048 1914 2125 1954 ex
2194 1894 2653 1957 consuetudine

355 1993 723 2076 salutasset,
781 1999 856 2058 ut
910 1995 1309 2059 subditiuum
1367 1997 1536 2081 apud
1592 2001 1841 2081 patrem
1899 2019 2165 2082 arguere
2224 2003 2490 2063 conatus
2538 2006 2649 2064 est.

271 2127 325 2168 ιε
354 2099 618 2163 amitam
679 2106 892 2165 autem
950 2101 1256 2186 Lepidam
1302 2126 1476 2166 ream
1533 2105 1905 2167 testimonio
1969 2127 2182 2169 coram
2234 2105 2467 2169 afflixit
2514 2129 2652 2191 gra-

355 2207 608 2271 tificans
653 2208 864 2290 matri,
911 2232 949 2272 a
996 2231 1122 2293 qua
1168 2233 1276 2273 rea
1320 2210 1746 2293 premebatur.

534 2311 864 2378 Deductus
910 2317 978 2380 in
1025 2318 1234 2380 forum
1285 2317 1410 2380 tiro
1459 2316 1699 2400 populo
1750 2319 2169 2403 congiarium,
2215 2320 2411 2383 militi
2458 2319 2649 2384 dona-
2690 2333 2722 2378 2

355 2420 565 2482 tinum
634 2423 974 2504 proposuit
1043 2424 1409 2506 indictaque
1473 2425 1847 2488 decursione
1910 2427 2333 2508 praetorianis
2398 2431 2649 2491 scutum

355 2549 470 2590 sua
518 2549 710 2591 manu
765 2530 1098 2614 praetulit3
1153 2531 1300 2593 exin
1349 2531 1517 2614 patri
1566 2533 1803 2615 gratias
1861 2532 1928 2595 in
1976 2537 2200 2595 senatu
2248 2534 2397 2616 egit.
2482 2535 2652 2618 apud

271 2661 326 2700 κο
352 2635 624 2698 eundem
673 2636 1000 2699 consulem
1057 2659 1174 2720 pro
1224 2636 1741 2700 Bononiensibus
1787 2637 2042 2721 Latine,
2099 2661 2214 2721 pro
2264 2638 2513 2703 Rhodis
2560 2645 2651 2703 at-

355 2763 480 2823 que
541 2739 883 2806 Iliensibus
951 2739 1184 2807 Graece
1253 2743 1452 2808 uerba
1509 2745 1679 2808 fecit.
1778 2744 2143 2827 auspicatus
2205 2749 2305 2810 est
2366 2752 2433 2808 et
2492 2747 2648 2810 iuris

355 2847 704 2913 dictionem
765 2850 1126 2932 praefectus
1184 2850 1327 2913 urbi
1386 2872 1565 2914 sacro
1615 2849 2017 2934 Latinarum,
2065 2852 2494 2917 celeberrimis
2541 2874 2649 2936 pa-

354 2957 560 3018 tronis
606 2977 737 3018 non
785 2956 1156 3038 tralaticias,
1203 2961 1277 3018 ut
1324 2957 1580 3038 assolet,
1628 2961 1695 3019 et
1730 2956 1964 3040 breuis,
2012 2959 2121 3021 sed
2161 2959 2471 3022 maximas
2509 2961 2647 3042 plu-

353 3061 678 3145 rimasque
731 3064 1200 3146 postulationes
1255 3065 1546 3126 certatim
1596 3065 2065 3148 ingerentibus,
2113 3067 2409 3148 quamuis
2458 3066 2648 3129 inter-

273 3193 324 3232 25
355 3167 598 3232 dictum
647 3192 685 3232 a
731 3168 998 3233 Claudio
1044 3175 1226 3236 esset.
1309 3193 1426 3234 nec
1473 3172 1679 3234 multo
1726 3176 1875 3254 post
1922 3170 2105 3234 duxit
2152 3193 2413 3234 uxorem
2464 3170 2649 3235 Octa-

355 3277 528 3338 uiam
575 3275 903 3359 ediditque
949 3299 1068 3361 pro
1118 3277 1342 3340 Claudi
1391 3279 1595 3340 salute
1642 3279 1955 3341 circenses
2004 3281 2067 3341 et
2113 3279 2539 3343 uenationem.

535 3380 999 3465 Septemdecim
1057 3390 1247 3448 natus
1303 3407 1530 3465 annos,
1583 3389 1656 3447 ut
1704 3385 1780 3447 de
1831 3385 2094 3448 Claudio
2143 3385 2357 3468 palam
2402 3386 2647 3449 factum
2678 3379 2722 3443 8

353 3493 476 3570 est,
535 3490 698 3552 inter
743 3489 968 3554 horam
1025 3496 1268 3553 sextam
1318 3493 1783 3573 septimamque
1842 3493 2149 3574 processit
2197 3492 2275 3555 ad
2321 3493 2648 3556 excubito-

354 3617 472 3676 reS,
521 3617 666 3659 cum
713 3597 796 3659 ob
835 3599 1034 3660 totius
1076 3599 1200 3660 diei
1240 3599 1560 3661 diritatem
1603 3619 1730 3660 non
1771 3598 1945 3661 aliud
1984 3599 2354 3682 auspicandi
2394 3604 2647 3682 tempus

273 3727 328 3767 ω
355 3703 900 3767 accommodatius
957 3704 1306 3786 uideretnr3
1375 3725 1617 3786 proque
1674 3703 1883 3767 Palati
1940 3705 2242 3788 gradibus
2301 3708 2650 3788 imperator

356 3809 794 3874 consalutatus
853 3811 1078 3874 lectica
1134 3813 1197 3873 in
1257 3817 1464 3874 castra
1510 3815 1574 3873 et
1621 3811 1767 3874 inde
1814 3813 2049 3894 raptim
2098 3815 2437 3895 appellatis
2485 3814 2648 3875 mili-

502 4019 527 4065 1
567 4011 795 4066 fabulae
826 4012 898 4065 Μ
1060 4017 1090 4064 3
1130 4012 1359 4065 dextero
1393 4013 1443 4066 G
1607 4020 1639 4066 6
1678 4017 1871 4066 tenera
1912 4014 1961 4064 G
2121 3992 2198 4066 nee
2202 4014 2333 4068 dum
2369 4016 2417 4068 G
2458 4017 2544 4082 (m.
2578 4021 2648 4078 1),

355 4092 562 4144 nedum
594 4092 644 4144 T
818 4092 1095 4160 pueritiae
1129 4093 1201 4146 M
1243 4093 1391 4160 (inde
1427 4096 1683 4146 maturae
1732 4093 2010 4161 pueritiae
2054 4093 2348 4159 Graem'us,
2395 4099 2646 4147 maturus

354 4172 628 4241 pueritiae
651 4173 900 4243 Bentley)
1017 4178 1044 4224 7
1075 4172 1406 4225 duodecimo
1427 4175 1675 4241 Lepsia-9,
1702 4172 1871 4226 tertio
1893 4172 2109 4225 decimo
2138 4174 2187 4226 T
2181 4191 2287 4227 orr.
2400 4180 2429 4225 9
2460 4173 2648 4226 ferunt

355 4270 489 4307 corr.
511 4271 579 4306 ex
605 4251 834 4306 fuerunt
855 4255 929 4307 M
953 4255 1040 4322 (m.
1065 4253 1154 4320 1?)
1242 4259 1306 4307 16
1337 4271 1448 4320 qua
1475 4253 1890 4321 reprimebatur
1907 4257 1965 4305 X
1988 4255 2142 4311 (corr.
2167 4253 2265 4320 L³)
2352 4259 2415 4306 19
2446 4253 2647 4306 exinde

356 4335 428 4399 Π,
449 4333 651 4386 exhinc
669 4337 727 4386 X
811 4339 878 4384 20
899 4333 1260 4386 boniensibus
1285 4335 1358 4386 M
1360 4333 1408 4386 G
1511 4333 1710 4386 Latine
1736 4365 1794 4372 -
1819 4333 2115 4386 Iliensibus
2135 4351 2235 4388 om.
2266 4337 2313 4386 Τ
2400 4340 2465 4385 ‘22
2488 4350 2648 4401 prae-

355 4414 519 4467 fectis
549 4413 658 4484 HQ
763 4413 919 4466 urbis
951 4430 1108 4466 sacro
1134 4413 1199 4480 G,
1243 4413 1393 4466 urbis
1433 4416 1602 4480 atque
1641 4417 1688 4465 Τ
1798 4418 1863 4465 23
1900 4414 1988 4484 ut]
2021 4416 2078 4465 et
2106 4416 2171 4466 ut
2204 4415 2254 4468 G·
2364 4421 2431 4466 29
2462 4414 2647 4482 auspi·

357 4494 524 4548 candi
561 4511 661 4548 om.
691 4494 854 4563 Πᾮ,
902 4493 1220 4562 auspicanti
1260 4495 1488 4562 Bentley
1670 4500 1733 4546 31
1776 4492 2161 4546 consulatatus
2203 4493 2471 4564 M(11¹?)‚
2520 4511 2651 4547 con-

357 4575 571 4628 sulatus
606 4574 724 4643 GQ,
763 4573 1112 4627 consultatus
1145 4573 1341 4626 H²RT
1371 4577 1452 4642 (in
1492 4576 1552 4627 H
1587 4591 1620 4626 a
1658 4579 1721 4628 ut
1757 4575 1979 4626 uidetur
2008 4581 2135 4641 post
2172 4573 2192 4625 l
2229 4579 2408 4642 erasa)
