3259 5209
1136 445 1470 500 TIBERIVS
1510 458 1644 509 [cir.
1674 459 1850 508 ιιι-ω]
2513 445 2638 510 149

340 610 577 694 laqueo
633 609 1099 696 strangulatam
1152 611 1223 674 in
1278 607 1623 674 Gemonias
1680 609 2008 675 abieoerit:
2063 631 2310 694 proque
2354 609 2470 674 tali
2518 609 2642 674 cle-

342 718 587 781 mentia
641 716 965 801 interponi
1023 717 1349 782 decretum
1404 739 1631 802 passus
1688 719 1814 800 est,
1860 739 1990 800 quo
2037 717 2160 781 sibi
2205 719 2452 803 gratiae
2497 737 2644 802 age·

340 829 571 888 rentur
614 827 681 888 et
725 822 1091 908 Capitolino
1138 822 1281 889 Ioui
1330 823 1567 888 donum
1618 845 1698 888 ex
1743 844 1898 888 auro
1945 828 2319 888 sacraretur.

528 929 689 994 Cum
738 952 817 994 ex
855 929 1235 996 Germanico
1281 935 1409 996 tres
1446 935 1734 1014 nepotes,
1778 929 2101 995 Neronem
2149 934 2215 994 et
2253 928 2534 994 Drusum
2575 933 2639 996 et
2652 927 2746 994 54

283 1063 311 1103 5
346 1034 611 1120 Gaium,
666 1059 743 1101 ex
790 1036 1001 1102 Druso
1057 1059 1259 1102 unum
1303 1035 1633 1102 Tiberium
1691 1035 1984 1120 haberet,
2043 1036 2389 1102 destitutus
2436 1040 2642 1101 morte

340 1143 695 1209 liberorum
758 1143 1077 1208 maximos
1132 1148 1291 1208 natu
1357 1143 1433 1208 de
1499 1141 1868 1208 Germanici
1931 1143 2114 1227 filiis,
2187 1141 2514 1208 Neronem
2575 1148 2642 1208 et

342 1250 649 1335 Drusum,
694 1251 987 1334 patribus
1033 1250 1419 1334 conscriptis
1456 1251 1932 1315 commendauit
1968 1250 2264 1334 diemque
2301 1252 2638 1334 utriusque

342 1356 624 1421 tirocinii
687 1357 1017 1444 congiario
1081 1356 1295 1442 plebei
1354 1357 1505 1422 dato
1566 1356 1931 1423 celebrauit.
2025 1357 2134 1422 sed
2195 1362 2269 1421 ut
2327 1357 2642 1441 comperit

344 1464 605 1528 ineunte
652 1486 821 1530 anno
867 1487 985 1549 pro
1032 1486 1253 1528 eorum
1301 1485 1557 1548 quoque
1595 1464 1802 1528 salute
1839 1463 2096 1548 publice
2133 1468 2290 1529 uota
2325 1469 2642 1548 suscepta,

251 1595 311 1636 ιο
341 1571 479 1656 egit
506 1592 653 1634 cum
680 1576 923 1656 senatu,
960 1594 1109 1637 non
1148 1571 1421 1636 debere
1458 1571 1651 1636 talia
1678 1571 2018 1655 praemia
2049 1570 2288 1636 tribui
2328 1570 2482 1636 nisi
2519 1592 2640 1635 ex-

340 1679 587 1762 pertis
634 1683 709 1743 et
745 1682 995 1743 aetate
1030 1678 1445 1763 prouectis.
1521 1683 1712 1761 atque
1751 1701 1831 1743 ex
1867 1699 1943 1742 eo
1979 1677 2302 1763 patefacta
2337 1677 2642 1744 interiore
2679 1693 2711 1740 2

343 1785 541 1850 animi
607 1785 708 1850 sui
770 1790 927 1850 nota
990 1787 1278 1851 omnium
1352 1785 1912 1850 criminationibus
1985 1784 2300 1849 obnoxios
2364 1783 2642 1849 reddidit

342 1891 653 1974 uariaque
696 1891 919 1957 fraude
964 1891 1291 1976 inductos,
1346 1895 1419 1956 ut
1465 1896 1529 1955 et
1584 1893 2058 1956 concitarentur
2113 1891 2194 1956 ad
2239 1891 2530 1956 conuicia
2575 1894 2641 1954 et

342 1997 647 2062 concitati
692 1999 1143 2083 proderentur,
1196 1999 1525 2063 accusauit
1578 2020 1693 2082 per
1744 1999 1996 2064 litteras
2051 1999 2449 2062 amarissime
2494 2019 2642 2062 con-

254 2129 313 2168 15
348 2104 549 2188 gestis
604 2106 797 2170 etiam
852 2105 1105 2190 probris
1162 2110 1227 2170 et
1282 2105 1597 2170 iudicatos
1647 2106 1852 2170 hostis
1901 2106 2069 2170 fame
2115 2106 2395 2189 uocauit,
2439 2103 2641 2169 Nero-

344 2233 490 2276 nem
538 2213 609 2278 in
662 2211 873 2277 insula
917 2211 1168 2295 Pontia,
1212 2212 1497 2277 Drusum
1551 2213 1620 2278 in
1677 2211 1806 2276 ima
1852 2216 2032 2297 parte
2080 2210 2326 2276 Palatii.
2409 2214 2643 2296 putant

344 2317 667 2384 Neronem
724 2319 805 2383 ad
858 2320 1294 2384 uoluntariam
1351 2323 1623 2384 mortem
1683 2323 1972 2384 coactum
1984 2369 2002 2402 ,
2057 2340 2204 2384 cum
2251 2319 2311 2382 ei
2358 2319 2641 2384 carnifex

345 2425 529 2508 quasi
576 2445 655 2488 ex
710 2430 969 2491 senatus
1026 2427 1409 2491 auctoritate
1454 2427 1691 2490 missus
1747 2425 2012 2509 laqueos
2069 2429 2134 2489 et
2187 2447 2388 2490 uncos
2435 2429 2642 2490 osten·

344 2534 538 2614 taret,
596 2531 809 2597 Druso
844 2537 1075 2606 ⁴autem
1123 2533 1283 2598 adeo
1330 2533 1633 2597 alimenta
1683 2531 2026 2615 subducta,
2081 2536 2155 2596 ut
2200 2535 2560 2598 tomentum
2609 2555 2644 2596 e

252 2661 317 2702 ιο
347 2636 582 2702 culcita
619 2639 1031 2723 temptauerit
1072 2639 1396 2724 mandere3
1444 2639 1780 2704 amborum
1829 2640 1922 2704 sic
1958 2639 2264 2724 reliquias
2301 2638 2642 2724 dispersas,

344 2749 418 2808 ut
462 2747 575 2810 uix
622 2745 1007 2831 quandoque
1053 2747 1273 2832 colligi
1318 2751 1597 2831 possent.

524 2849 729 2936 Super
774 2857 1018 2918 ueteres
1066 2853 1305 2940 amicos
1351 2875 1427 2918 ac
1470 2853 1820 2918 familiares
1858 2853 2090 2937 uiginti
2131 2852 2257 2916 sibi
2294 2875 2330 2916 e
2365 2874 2635 2918 numero
2653 2845 2745 2911 55

346 2958 708 3042 principum
764 2959 1047 3026 ciuitatis
1104 2960 1562 3044 depoposcerat
1623 2960 1807 3025 uelut
1863 2959 2266 3025 consiliarios
2322 2961 2388 3024 in
2445 2980 2641 3045 nego-

342 3065 455 3130 tiis
500 3065 791 3149 publicis.
874 3065 1107 3132 horum
1164 3067 1451 3132 omnium
1509 3067 1620 3130 uix
1676 3066 1840 3132 duos
1894 3087 2058 3130 anne
2113 3071 2242 3131 tres
2297 3065 2638 3131 incolumis

252 3195 313 3235 25
343 3173 689 3257 praestitit,
752 3177 997 3238 ceteros
1060 3174 1259 3238 alium
1327 3173 1455 3238 alia
1501 3174 1577 3237 de
1635 3195 1826 3238 causa
1882 3173 2190 3258 perculit,
2253 3173 2422 3237 inter
2477 3195 2640 3256 quos

344 3300 489 3342 cum
544 3277 969 3363 plurimorum
1020 3279 1197 3346 clade
1243 3279 1503 3344 Aelium
1550 3278 1884 3365 Seianum3
1943 3303 2132 3364 quem
2191 3280 2273 3343 ad
2319 3302 2638 3344 summam

345 3385 699 3468 potentiam
754 3407 883 3450 non
938 3391 1071 3450 tam
1130 3387 1565 3452 beniuolentia
1620 3391 2032 3470 prouexerat,
2097 3408 2290 3470 quam
2345 3391 2420 3450 ut
2473 3390 2641 3452 esset

346 3493 529 3556 cuius
574 3492 935 3558 ministerio
973 3515 1045 3556 ac
1082 3493 1415 3558 fraudibus
1452 3493 1690 3558 liberos
1731 3491 2095 3557 Germanici
2131 3493 2640 3576 circumueniret,

487 3725 554 3773 22
599 3721 746 3776 Oros.
780 3721 904 3776 VII
922 3725 975 3787 4,
995 3725 1032 3774 8
1088 3722 1357 3791 plurimos
1415 3725 1736 3776 senatorum
1790 3721 2119 3790 proscripsit
2175 3724 2232 3774 et
2279 3722 2350 3775 ad
2403 3724 2640 3776 mortem

343 3801 555 3870 coegit;
601 3801 811 3870 uiginti
860 3800 968 3854 sibi
1015 3802 1284 3871 patricios
1330 3801 1481 3854 uiros
1529 3801 1750 3855 consilii
1799 3817 1970 3854 causa
2015 3801 2256 3868 legerat:
2305 3801 2505 3856 horum
2544 3803 2639 3855 uix

344 3881 484 3935 duos
522 3879 831 3935 incolumes
868 3881 1115 3950 reliquit,
1154 3886 1365 3935 ceteros
1404 3881 1641 3935 diuersis
1681 3881 1862 3934 causis
1901 3882 2142 3934 necauit.

487 4099 519 4148 s
558 4093 775 4163 plebeis
807 4095 875 4161 G,
913 4093 1065 4164 plebi
1095 4098 1211 4149 nx
1242 4095 1331 4161 (cf.
1364 4099 1685 4164 p.150,21)
1849 4101 1880 4147 9
1903 4071 2146 4163 ‘publica
2179 4095 2228 4148 G
2403 4099 2469 4148 14
2509 4110 2638 4148 con-

344 4175 654 4229 citarentur
688 4178 809 4242 (om.
840 4176 889 4228 ti
924 4175 1117 4244 prode)
1144 4177 1195 4230 G
1374 4175 1676 4228 conuiciati
1717 4176 1948 4244 Bentley
2130 4175 2495 4242 perderentur
2533 4191 2566 4233 ς

341 4255 578 4326 ingestis
612 4255 845 4324 Bentley
1028 4261 1092 4309 15
1131 4256 1319 4309 hostes
1352 4255 1513 4309 GXT
1691 4261 1755 4307 17
1798 4273 1924 4308 cum
1961 4255 2036 4325 ei]
2076 4257 2166 4308 eui
2200 4255 2248 4308 G
2435 4260 2502 4306 20
2541 4271 2638 4307 cu-

342 4335 462 4390 lina
487 4335 539 4389 G
728 4333 1001 4403 reliquiae
1049 4334 1333 4404 dispersae
1374 4336 1610 4390 Gronov.
1796 4341 1863 4388 24
1903 4335 2152 4388 omnium
2199 4336 2260 4387 in
2301 4335 2375 4388 M
2406 4352 2474 4388 se.
2515 4352 2582 4387 m.
2606 4340 2637 4388 1

343 4417 431 4469 uel
464 4433 534 4470 m.
555 4419 609 4480 2,
648 4431 749 4468 om.
792 4415 1019 4470 Orosius
1056 4416 1241 4484 (Roth)
1448 4416 1615 4484 anne]
1673 4414 1794 4469 siue
1834 4415 1909 4480 G,
1967 4416 2066 4468 aut
2105 4416 2216 4470 TN
2419 4419 2484 4466 25
2524 4413 2638 4467 alia

342 4513 511 4565 usque
549 4493 709 4548 clade
746 4511 845 4548 om.
878 4495 927 4546 V
1069 4501 1135 4548 26
1174 4512 1392 4548 summa
1424 4497 1497 4549 M
1638 4500 1704 4547 27
1743 4494 2185 4548 beniuolentiam
2228 4495 2328 4549 VR
2469 4510 2638 4561 quam

342 4577 429 4647 utJ
468 4575 568 4644 qui
605 4577 793 4628 autem
824 4575 875 4627 V
