3259 5209
1043 435 1099 492 C.
1142 436 1505 493 CALIGVLA
1543 449 1675 500 [car.
1707 449 1883 499 20-231
2487 439 2613 504 175

310 602 698 685 imponeret,
751 606 997 686 partem
1056 600 1289 665 Palatii
1345 601 1423 665 ad
1480 602 1692 667 forum
1749 623 1952 685 usque
2005 601 2361 686 promouit,
2416 607 2610 686 atque

308 709 465 772 aede
514 705 797 772 Castoris
854 712 920 771 et
965 706 1251 772 Pollucis
1306 709 1375 772 in
1420 708 1815 774 uestibulum
1862 708 2348 794 transfigurata,
2409 709 2610 774 consi-

313 818 489 878 stens
539 835 725 897 saepe
771 815 943 878 inter
986 815 1217 878 fratres
1264 813 1435 898 deos,
1480 813 1764 878 medium
1811 815 2206 880 adorandum
2265 837 2332 880 se
2379 815 2609 882 adeun-

308 921 485 986 tibus
523 919 894 1005 exhibebat3
932 926 998 985 et
1035 921 1298 1005 quidam
1346 943 1489 985 eum
1529 920 1915 986 Latiarem
1955 919 2213 987 Iouem
2251 923 2609 988 consaluta-

252 1053 277 1094 ⁵
304 1032 477 1092 runt.
560 1025 873 1110 templum
921 1028 1113 1092 etiam
1171 1027 1423 1092 numini
1479 1049 1598 1092 suo
1649 1028 1978 1112 proprium
2028 1032 2095 1092 et
2139 1028 2500 1094 sacerdotes
2545 1034 2611 1093 et
2648 1045 2680 1093 3

308 1135 895 1220 excogitatissimas
942 1134 1189 1199 hostias
1236 1135 1533 1199 instituit.
1618 1135 1686 1200 in
1732 1137 1977 1222 templo
2025 1135 2439 1202 simulacrum
2489 1141 2612 1200 sta-

307 1241 423 1306 bat
471 1263 735 1305 aureum
783 1242 1101 1306 iconicum
1153 1241 1700 1326 amiciebaturque
1747 1241 1982 1307 cotidie
2019 1246 2216 1325 ueste,
2263 1241 2437 1326 quali
2477 1243 2612 1326 ipse

305 1353 615 1412 uteretur.
718 1347 1087 1434 magisteria
1162 1346 1505 1413 sacerdotii
1579 1348 1936 1413 ditissimus
2003 1348 2273 1432 quisque
2347 1353 2412 1412 et
2483 1371 2612 1414 am-

308 1455 563 1520 bitione
622 1459 685 1518 et
743 1454 1101 1519 licitatione
1160 1455 1441 1520 maxima
1494 1455 1748 1520 uicibus
1805 1455 2282 1539 comparabant.
2365 1455 2610 1520 hostiae

220 1587 277 1628 ιο
306 1565 493 1626 erant
538 1560 1043 1647 phoenicopteri,
1089 1582 1402 1646 pauoneS,
1450 1565 1799 1645 tetraones,
1846 1562 2234 1644 numidicae,
2279 1561 2611 1647 meleagri-

308 1667 439 1750 des,
483 1668 861 1752 phasianae,
918 1690 1083 1752 quae
1130 1669 1485 1752 generatim
1531 1691 1647 1752 per
1693 1668 1984 1754 singulos
2031 1669 2162 1732 dies
2209 1667 2612 1732 immolaren-

306 1778 431 1840 tur.
517 1780 583 1839 et
626 1773 925 1840 noctibus
974 1774 1230 1857 quidem
1279 1774 1532 1859 plenam
1580 1774 2066 1860 fulgentemque
2110 1774 2330 1846 lunam
2378 1774 2610 1839 inuita·
2648 1795 2682 1840 4

309 1881 423 1945 bat
468 1879 720 1946 assidue
763 1881 829 1944 in
868 1882 1202 1965 amplexus
1242 1885 1433 1965 atque
1472 1881 1904 1961 concubitum,
1952 1881 2235 1946 interdiu
2272 1904 2426 1946 uero
2465 1903 2608 1946 cum

312 1986 679 2072 Capitolino
716 1985 871 2052 Ioue
910 1993 1152 2052 secreto
1190 1987 1617 2070 fabulabatur,
1656 1988 1847 2053 modo
1887 1989 2290 2053 insusurrans
2327 2010 2402 2053 ac
2435 2009 2611 2072 prae-

220 2120 277 2160 15
308 2094 469 2158 bens
530 2095 599 2158 in
660 2095 867 2160 uicem
930 2101 1175 2174 aurem,
1239 2094 1429 2158 modo
1492 2095 1729 2159 clarius
1786 2117 1903 2159 nec
1949 2095 2088 2160 sine
2133 2096 2378 2180 iurgiis.
2460 2117 2606 2160 nam

308 2223 437 2265 uox
488 2202 939 2267 comminantis
985 2202 1205 2267 audita
1250 2205 1349 2267 est
1384 2202 1611 2285 (Hom.
1645 2202 1724 2266 Il.
1754 2207 1858 2284 23,
1890 2207 2094 2282 724>z

1040 2310 1081 2392 ἥ
1126 2306 1191 2390 μ’
1241 2306 1491 2392 ἀνάειρ’
1529 2308 1567 2392 ἢ
1618 2307 1744 2392 ἐγὼ
1795 2309 1889 2390 σε’,

310 2416 513 2479 donec
569 2419 893 2497 exoratus,
948 2419 1021 2478 ut
1066 2414 1411 2500 referebat,
1462 2418 1527 2478 et
1572 2416 1642 2479 in
1688 2416 2180 2480 contubernium
2227 2415 2398 2480 ultro
2445 2415 2609 2480 inui-

310 2525 486 2587 tatus
533 2543 726 2605 super
769 2523 1082 2606 templum
1121 2521 1277 2587 Diui
1315 2520 1596 2606 Augusti.
1637 2527 1832 2606 ponte
1870 2522 2250 2586 transmisso
2287 2521 2607 2587 Palatium

222 2654 281 2692 so
312 2627 832 2712 Capitoliumque
892 2629 1243 2694 coniunxit.
1329 2651 1507 2714 mox,
1568 2649 1696 2712 quo
1759 2630 2024 2714 propior
2083 2634 2276 2711 esset,
2333 2631 2403 2693 in
2463 2651 2610 2692 area

312 2733 677 2818 Capitolina
723 2756 930 2800 nouae
974 2735 1202 2800 domus
1250 2735 1665 2801 fundamenta
1712 2736 1877 2801 iecit.

488 2840 818 2927 Agrippae
874 2863 941 2906 se
998 2845 1297 2926 nepotem
1355 2864 1562 2926 neque
1618 2842 1790 2907 credi
1843 2864 2054 2926 neque
2110 2842 2236 2906 dici
2293 2841 2378 2908 ob
2428 2841 2711 2928 igno-23

309 2947 631 3014 bilitatem
677 2948 815 3012 eius
860 2949 1120 3013 uolebat
1166 2948 1719 3032 suscensebatque,
1768 2950 1820 3014 si
1868 2949 1981 3032 qui
2027 2950 2132 3013 uel
2176 2949 2465 3013 oratione
2503 2949 2606 3012 uel

309 3055 591 3120 carmine
652 3054 1042 3140 imaginibus
1114 3078 1261 3121 eum
1324 3053 1662 3120 Caesarum
1731 3055 2095 3120 insererent.
2197 3055 2608 3139 praedicabat

225 3186 280 3224 25
310 3166 523 3226 autem
585 3165 851 3226 matrem
920 3183 1101 3228 suam
1165 3185 1243 3226 ex
1306 3162 1576 3245 incesto,
1636 3162 1811 3245 quod
1859 3161 2190 3248 Augustus
2249 3184 2394 3226 cum
2442 3160 2609 3226 Iulia

308 3269 446 3332 filia
499 3267 886 3352 admisisset,
941 3274 1367 3353 procreatam3
1433 3290 1507 3333 ac
1562 3291 1693 3332 non
1753 3273 2090 3333 contentus
2146 3268 2271 3332 hac
2325 3267 2606 3354 Augusti

310 3375 728 3440 insectatione
768 3374 1063 3439 Actiacas
1109 3374 1587 3459 Si[n]culasque
1636 3375 1961 3459 uictoriae,
2007 3381 2080 3440 ut
2117 3377 2401 3439 funestas
2439 3397 2499 3458 p.
2531 3374 2605 3438 R.

311 3487 376 3546 et
438 3481 870 3566 calamitosas,
929 3483 1139 3545 uetuit
1198 3479 1621 3545 sollemnibus
1684 3482 1863 3545 feriis
1925 3481 2247 3546 celebrari.
2352 3481 2604 3545 Liuiam
2645 3499 2675 3545 2

309 3591 675 3676 Augustam
738 3588 1069 3674 proauiam
1138 3588 1395 3652 Vlixem
1464 3589 1769 3652 stolatum
1845 3589 2191 3653 identidem
2258 3587 2606 3672 appellans,

226 3719 283 3759 ³0
310 3697 507 3760 etiam
554 3695 981 3780 ignobilitatis
1030 3694 1303 3776 quadam
1352 3694 1431 3758 ad
1469 3700 1757 3759 senatum
1800 3695 2074 3779 epistula
2113 3716 2375 3779 arguere
2414 3717 2604 3760 ausus

310 3808 411 3868 est
457 3803 639 3886 quasi
685 3807 973 3866 materno
1022 3823 1143 3864 auo
1193 3800 1534 3866 decurione
1580 3800 1890 3865 Fundano
1941 3806 2166 3878 ortam,
2214 3824 2358 3865 cum
2399 3802 2604 3885 publi-

291 3911 403 3975 .cis
450 3908 881 3973 monumentis
929 3911 1171 3972 certum
1220 3909 1305 3970 sit
1352 3906 1681 3971 Aufidium
1722 3907 2076 3971 Lurconem
2118 3907 2359 3972 Romae
2407 3909 2604 3973 hono-

456 4171 489 4218 4
528 4163 947 4219 consalutarent
978 4163 1027 4216 G
1152 4167 1178 4214 7
1221 4161 1466 4215 iconium
1497 4163 1673 4232 H¹Qe‚
1702 4162 1889 4216 ionici-1
1927 4163 1978 4216 T
2096 4169 2159 4215 10
2188 4164 2504 4217 tetracones
2535 4165 2609 4218 M

316 4253 381 4301 13
420 4242 750 4298 concubitus
782 4243 833 4297 G
998 4248 1061 4295 17
1094 4241 1724 4297 ΕὰΛὰΝὰΙΡΠΕΓωΕΕ
1748 4245 1822 4298 M
1856 4250 1903 4296 et
1939 4244 2056 4296 sim.
2087 4245 2178 4296 rel.
2211 4244 2470 4312 ‹pn-imum
2497 4245 2602 4312 siq—

314 4345 447 4381 num
467 4329 509 4380 Η
532 4332 609 4380 est
626 4327 688 4378 in
711 4324 965 4389 GTPT),
986 4339 1085 4376 om.
1112 4322 1179 4375 N
1290 4327 1357 4374 23
1389 4321 1868 4390 succensebatque
1893 4322 2230 4392 GH²QPST
2353 4329 2415 4375 27
2451 4323 2602 4375 Sicu-

310 4407 509 4475 lasque
548 4423 581 4465 ς
618 4404 977 4474 (Sabellicus),
1014 4401 1375 4472 singulasque
1405 4406 1535 4470 (que
1571 4420 1671 4456 om.
1705 4404 1779 4472 R)
1810 4405 1886 4468 ,Ως
1926 4403 2216 4455 Actiacam
2248 4402 2601 4471 Siculumque

315 4489 547 4542 malebat
583 4484 881 4540 Sabellicus
1050 4487 1117 4535 28
1154 4481 1356 4535 Iuliam
1388 4484 1619 4537 Casaub.
1787 4489 1853 4534 32
1884 4490 2110 4550 propter
2147 4485 2332 4537 titulos
2369 4490 2605 4550 empectes

312 4566 581 4621 Alfidium
728 4563 1035 4617 Lurconem
1073 4562 1396 4631 Stephanus,
1432 4561 1720 4632 lyrgonem
1763 4561 1914 4632 (lirg-
1939 4564 2064 4628 LII,
2102 4562 2252 4632 nirg-
2281 4565 2351 4631 T)
2375 4567 2425 4615 Ω,
