3259 5209
469 977 564 1045 43

575 392 707 456 262
1281 391 1339 447 C.
1379 392 1695 447 svn'rom
1730 393 2176 459 TRANQVILLI

578 557 648 620 in
695 555 1070 621 defectionis
1119 556 1309 620 duces
1356 558 1640 620 carmina
1675 556 2041 642 lasciueque
2079 557 2425 641 modulata,
2473 579 2637 640 quae
2674 555 2873 641 uulgo

576 667 948 746 notuerunt,
995 663 1190 727 etiam
1235 662 1657 749 gesticulatus
1705 668 1829 750 est3
1877 684 1951 729 ac
1996 663 2379 748 spectaculis
2424 662 2664 729 theatri
2708 662 2875 728 clam

580 767 820 833 inlatus
869 769 1120 833 cuidam
1168 770 1456 835 scaenico
1505 769 1786 854 placenti
1845 770 2147 836 nuntium
2194 771 2375 835 misit
2433 769 2651 834 abuti
2710 790 2875 832 eum

580 875 1224 959 occupationibus
1274 877 1450 941 suiS.

755 980 950 1047 Initio
1001 983 1220 1048 statim
1267 983 1586 1047 tumultus
1633 982 1841 1048 multa
1887 989 1949 1047 et
1991 983 2290 1066 inmania,
2338 1004 2561 1047 uerum
2600 1004 2733 1046 non
2770 980 2879 1045 ab·
2934 1006 2961 1045 ε

579 1088 910 1153 horrentia
964 1113 1002 1153 a
1055 1093 1287 1154 natura
1343 1112 1459 1154 sua
1511 1090 1795 1154 creditur
1849 1090 2227 1155 destinasse:
2284 1111 2681 1154 successores
2738 1110 2879 1172 per-

579 1217 1000 1279 cussoresque
1061 1197 1463 1260 summittere
1533 1197 1848 1262 exercitus
1915 1201 1979 1260 et
2042 1196 2410 1280 prouincias
2484 1193 2880 1281 regentibuS,

582 1302 765 1386 quasi
830 1303 1215 1387 conspiratis
1281 1303 1577 1386 idemque
1643 1308 1709 1367 et
1773 1325 1973 1367 unum
2038 1301 2499 1386 sentientibus3
2564 1301 2883 1384 quidquid

576 1408 816 1492 ubique
863 1409 1151 1492 exulum,
1198 1409 1509 1493 quidquid
1557 1410 1625 1474 in
1670 1409 1828 1474 urbe
1875 1409 2211 1474 hominum
2260 1407 2737 1473 Gallicanorum
2784 1429 2883 1471 es-

579 1519 678 1579 set
732 1515 1197 1581 contrucidare:
1258 1517 1408 1581 illos
1462 1538 1542 1580 ne
1597 1515 2098 1581 desciscentibus
2163 1517 2694 1602 adgregarentur,
2756 1514 2884 1578 hos
2916 1539 2969 1578 ιο

579 1626 654 1686 ut
701 1623 990 1686 conscios
1035 1623 1446 1707 popularium
1493 1645 1757 1688 suorum
1805 1626 1999 1707 atque
2044 1615 2355 1706 fautores3
2412 1621 2658 1687 Gallias
2684 1638 2881 1684 'exer-

581 1728 817 1793 citibus
856 1728 1243 1814 diripiendas
1280 1731 1682 1814 permittere3
1730 1734 2024 1794 senatum
2066 1729 2439 1793 uniuersum
2476 1749 2727 1792 ueneno
2764 1748 2884 1811 per

581 1835 881 1900 conuiuia
926 1858 1179 1922 necare3
1225 1835 1452 1900 urbem
1498 1837 1836 1901 incendere
1880 1836 2035 1901 feris
2082 1837 2151 1900 in
2196 1836 2511 1920 populum
2550 1835 2881 1916 immissiS,

581 1963 707 2024 quo
729 1943 1059 2007 difficilius
1081 1943 1587 2007 defenderentur.
1650 1944 1762 2006 sed
1782 1942 2161 2007 absterritus
2179 1965 2313 2008 non
2331 1946 2466 2006 tam
2484 1942 2883 2025 paenitentia

582 2070 773 2131 quam
805 2049 1174 2132 perficiendi
1203 2049 1645 2133 desperatione
1675 2049 2063 2132 credensque
2090 2049 2565 2133 expeditionem
2594 2069 2884 2112 necessa·
2914 2071 2969 2111 ιε

579 2156 762 2239 riam,
808 2146 1103 2220 consules
1133 2161 1280 2219 ante
1310 2161 1564 2240 tempus
1602 2156 1891 2239 priuauit
1924 2156 2170 2221 honore
2209 2159 2402 2238 atque
2439 2156 2509 2220 in
2544 2156 2885 2238 utriusque

582 2260 795 2325 locum
827 2262 1004 2326 solus
1033 2263 1179 2326 iniit
1209 2263 1633 2347 consulatum,
1662 2265 1846 2346 quasi
1874 2261 2069 2326 fatale
2089 2267 2259 2327 esset
2276 2283 2409 2327 non
2426 2283 2619 2346 posse
2638 2259 2884 2324 Gallias

584 2366 892 2431 debellari
929 2369 1056 2432 nisi
1093 2392 1132 2433 a
1169 2369 1446 2434 consule.
1529 2391 1603 2434 ac
1643 2371 1955 2454 susceptis
1992 2370 2273 2434 fascibus
2308 2391 2453 2433 cum
2481 2372 2633 2452 post
2660 2366 2883 2451 epulas

475 2495 480 2500 ·
582 2473 864 2539 triclinio
913 2476 1369 2560 digrederetur,
1434 2476 1693 2540 innixus
1750 2476 1989 2539 umeris
2044 2475 2454 2540 familiarium
2512 2475 2885 2558 affirmauit,

474 3108 571 3176 44

579 2581 807 2645 simul
875 2605 958 2648 ac
1004 2582 1328 2666 primum
1374 2583 1852 2666 prouinciam
1900 2583 2331 2668 attigisset,
2395 2584 2755 2646 inermem
2806 2602 2884 2644 se
2914 2605 2968 2642 20

579 2689 659 2752 in
705 2694 1197 2774 conspectum
1247 2691 1719 2754 exercituum
1765 2690 2252 2773 proditurum
2298 2711 2432 2753 nec
2475 2688 2885 2772 quicquam

578 2793 790 2859 aliud
840 2819 1058 2879 quam
1119 2796 1518 2881 fleturum,
1584 2798 2125 2879 reuocatisque
2183 2796 2270 2860 ad
2324 2795 2884 2879 paenitentiam

578 2901 1107 2968 defectoribus
1147 2903 1590 2986 insequenti
1628 2903 1749 2967 die
1786 2902 2069 2967 laetum
2108 2903 2314 2966 inter
2350 2902 2598 2967 laetos
2628 2905 2885 2965 canta-

579 3013 834 3074 turum
864 3011 1229 3095 epinicia,
1267 3032 1455 3094 quae
1491 3011 1638 3073 iam
1666 3031 1864 3074 nunc
1893 3009 2043 3074 sibi
2073 3008 2428 3093 componi
2467 3012 2883 3091 oporteret.

766 3115 844 3180 In
896 3119 1336 3201 praeparanda
1391 3117 1797 3200 expeditione
1853 3119 2126 3201 primam
2185 3139 2401 3181 curam
2457 3115 2688 3180 habuit
2733 3115 2887 3179 deli·
2916 3135 2967 3174 25

583 3222 773 3309 gendi
803 3224 1102 3288 uehicula
1139 3223 1470 3308 portandis
1510 3224 1818 3288 scaenicis
1859 3225 2117 3309 organis
2153 3221 2689 3307 concubinasque,
2727 3245 2886 3306 quas

583 3351 798 3393 secum
847 3331 1160 3414 educeret,
1204 3330 1515 3395 tondendi
1560 3332 1641 3395 ad
1688 3329 1939 3394 uirilem
1980 3329 2243 3394 modum
2280 3335 2346 3394 et
2386 3329 2716 3394 securibus
2754 3327 2887 3412 pel·

583 3437 794 3518 tisque
841 3435 1248 3502 Amazonicis
1295 3438 1671 3501 instruendi.
1762 3459 1914 3500 mox
1959 3436 2167 3500 tribus
2214 3436 2489 3500 urbanas
2546 3435 2627 3500 ad
2682 3457 2887 3500 sacra-

585 3545 876 3606 mentum
923 3543 1151 3607 citauit
1197 3565 1270 3608 ac
1315 3542 1497 3608 nullo
1545 3545 1777 3608 idoneo
1834 3542 2263 3626 respondente
2314 3547 2559 3607 certum
2608 3543 2887 3607 dominis

588 3670 920 3713 seruorum
966 3671 1304 3714 numerum
1353 3651 1615 3734 indixit3
1661 3672 1777 3714 nec
1823 3651 1949 3714 nisi
1996 3671 2071 3713 ex
2113 3655 2254 3714 tota
2292 3650 2600 3732 cuiusque
2639 3648 2889 3714 familia
2915 3667 2969 3706 so

583 3755 1098 3840 probatissimOS,
1157 3779 1237 3821 ne
1299 3757 1849 3840 dispensatoribus
1898 3757 2157 3840 quidem
2216 3762 2327 3821 aut
2388 3754 2887 3820 amanuensibus

730 3947 792 3994 12
846 3942 1030 3996 Victor
1069 3942 1217 3997 Caes.
1249 3947 1301 4008 5,
1323 3946 1391 3995 14
1436 3941 1637 3995 urbem
1682 3939 1969 4006 incendio,
2018 3939 2243 4009 plebem
2288 3939 2422 3994 feris
2470 3937 2644 4009 uulgo
2682 3938 2889 4005 missis,

587 4025 846 4075 senatum
881 4021 1007 4090 pari
1045 4023 1224 4075 morte
1271 4020 1470 4074 tollere
1508 4021 1852 4075 decreuerat.
1910 4021 1979 4086 cf.
2016 4021 2165 4075 Oros.
2200 4019 2324 4074 VII
2346 4024 2398 4086 ¹7,
2418 4023 2489 4073 13
2526 4035 2766 4087 cumque
2802 4018 2887 4072 in-

587 4101 884 4155 credibilia
919 4101 1354 4171 perturbandae,
1391 4101 1561 4156 immo
1601 4101 1955 4154 subruendae
1994 4099 2075 4153 rei
2107 4100 2369 4169 publicae
2397 4097 2552 4153 mala
2576 4097 2893 4153 moliretur·

727 4287 758 4334 2
781 4280 1147 4334 innotuerunt
1167 4280 1276 4350 HQ
1421 4285 1487 4333 10
1508 4296 1609 4334 nec
1633 4281 1708 4334 M
1851 4285 1917 4332 14
1939 4278 2334 4333 defenderetur
2358 4279 2407 4330 Τ
2432 4280 2513 4346 (at
2530 4279 2591 4331 in
2613 4277 2669 4332 R
2686 4295 2893 4333 rasura

583 4377 755 4429 supra
784 4367 1040 4429 quartam
1069 4365 1118 4425 e)
1266 4359 1598 4414 absterritus
1630 4363 1717 4413 est
1749 4359 1801 4414 G
1943 4365 2008 4413 18
2040 4359 2096 4430 a]
2128 4374 2162 4411 a
2192 4375 2251 4412 se
2282 4375 2315 4418 ς
2343 4366 2393 4413 et
2420 4357 2541 4412 edd.
2570 4361 2894 4413 recentiores

587 4445 652 4492 19
683 4439 1021 4494 famulorum
1049 4441 1165 4496 HR
1301 4445 1364 4493 21
1397 4441 1524 4510 nec]
1554 4457 1626 4494 ne
1656 4443 1713 4492 X
1842 4445 1909 4492 22
1941 4456 2112 4508 quam
2140 4456 2243 4493 om.
2272 4441 2349 4494 M
2470 4445 2539 4492 24
2570 4442 2893 4507 oporterent

593 4521 715 4584 Md,
755 4522 1051 4589 oporteret.
1091 4521 1169 4574 At
1205 4521 1438 4590 Bentley
1599 4525 1667 4572 29
1706 4519 1906 4573 idonee
1946 4520 2017 4585 R,
2055 4518 2184 4573 ideo
2224 4519 2357 4589 11¹0
2520 4518 2591 4572 de
2628 4517 2797 4572 minis
2841 4519 2893 4573 G
