3259 5209
1056 413 1275 467 Dlvvs
1312 413 1549 467 IVLIVS
1590 425 1722 474 [cn.
1754 426 1926 474 77-801
2557 415 2638 477 41

344 578 665 642 discutere
736 578 974 662 ualuit,
1048 598 1415 661 quanquam
1480 581 1545 641 et
1616 577 1826 661 plebei
1903 598 2122 662 regem
2195 599 2264 641 se
2337 576 2644 641 salutanti

346 682 744 749 Caesarem
791 706 896 769 se,
938 706 1091 749 non
1134 705 1387 770 regem
1436 705 1597 748 esse
1644 682 2046 768 responderit
2083 687 2148 749 et
2183 682 2645 767 Lupercalibus

342 814 463 875 pro
530 792 756 857 rostris
810 813 848 855 a
902 790 1161 856 consule
1216 789 1505 856 Antonio
1570 791 1902 855 admotum
1957 790 2210 875 saepius
2269 791 2466 875 capiti
2526 812 2648 856 suo

346 898 637 963 diadema
680 898 1037 982 reppulerit
1082 902 1277 982 atque
1320 898 1391 962 in
1438 895 1830 981 Capitolium
1876 894 2021 961 Ioui
2059 894 2320 981 Optimo
2359 895 2642 961 Maximo

288 1030 313 1069 5
344 1004 612 1069 miserit.
723 1004 882 1089 quin
960 1004 1157 1070 etiam
1230 1003 1411 1068 uaria
1490 1004 1664 1068 fama
1747 1003 2144 1087 percrebruit
2215 1003 2646 1089 migraturum
2685 1020 2723 1067 3

346 1110 813 1175 Alexandream
869 1112 977 1175 uel
1030 1108 1259 1193 Ilium,
1313 1110 1644 1175 translatis
1699 1110 1894 1178 simul
1949 1110 2184 1193 opibus
2240 1109 2492 1194 imperii
2541 1131 2644 1173 ex-

345 1216 703 1301 haustaque
746 1215 937 1281 Italia
992 1217 1332 1282 dilectibus
1388 1222 1452 1281 et
1497 1216 1950 1301 procuratione
2005 1216 2186 1281 urbis
2237 1218 2461 1281 amicis
2507 1238 2646 1300 per-

344 1322 561 1407 missa,
597 1324 895 1408 proximo
934 1327 1150 1389 autern
1185 1328 1409 1389 senatu
1453 1324 1726 1388 Lucium
1769 1322 2022 1388 Cottam
2066 1323 2643 1407 quindecimuirum

348 1430 729 1495 sententiam
779 1431 1131 1512 dicturum,
1184 1434 1285 1505 ut,
1332 1430 1638 1513 quoniam
1699 1430 2002 1494 fatalibus
2055 1430 2240 1495 libris
2297 1430 2645 1495 continere-

266 1564 319 1601 ιο
348 1542 457 1601 tur
498 1537 775 1601 Parthos
830 1539 957 1602 nisi
1010 1560 1049 1600 a
1094 1558 1246 1623 rege
1298 1559 1427 1601 non
1484 1558 1674 1621 posse
1729 1538 1931 1620 uinci,
1988 1536 2220 1601 Caesar
2273 1558 2386 1601 rex
2431 1538 2646 1621 appel—

346 1644 605 1707 laretur.
676 1666 839 1727 quae
884 1666 1075 1709 causa
1122 1644 1471 1709 coniuratis
1516 1644 1883 1709 maturandi
1928 1643 2055 1708 fuit
2090 1643 2408 1709 destinata
2453 1665 2648 1729 nego·
2664 1640 2764 1705 80

348 1753 459 1833 tia,
501 1772 585 1815 ne
630 1750 927 1815 assentiri
969 1772 1227 1816 necesse
1276 1758 1459 1817 esset.

528 1856 811 1921 Consilia
856 1858 1059 1943 igitur
1104 1858 1445 1942 dispersim
1490 1863 1680 1923 antea
1717 1857 1942 1923 habita
1979 1861 2044 1922 et
2083 1880 2244 1941 quae
2281 1878 2472 1942 saepe
2509 1857 2648 1921 bini

348 1964 601 2050 terniue
648 1967 971 2049 ceperant,
1016 1963 1085 2028 in
1129 1986 1329 2029 unum
1378 1987 1599 2029 omnes
1640 1966 2070 2048 contulerunt,
2114 1986 2194 2027 ne
2233 1965 2472 2048 populo
2511 1964 2650 2048 qui-

268 2094 319 2133 15
348 2071 493 2135 (lem
539 2070 669 2136 iam
715 2072 1038 2155 praesenti
1076 2076 1248 2137 statu
1287 2072 1474 2155 laet0,
1520 2073 1635 2137 sed
1672 2074 1836 2136 clam
1873 2072 2214 2155 palamque
2252 2070 2648 2135 detrectante

350 2177 851 2242 dominationem
899 2182 1091 2261 atque
1138 2184 1483 2243 assertores
1531 2178 1879 2265 flagitante.
1964 2176 2320 2263 peregrinis
2367 2178 2436 2241 in
2471 2200 2646 2241 sena-
2687 2190 2724 2237 2

349 2290 489 2348 tum
548 2286 796 2350 allectis
856 2285 1113 2349 libellus
1181 2287 1551 2369 propositus
1618 2290 1747 2350 est:
1821 2284 2110 2349 Bonum
2177 2284 2496 2349 sactum:
2559 2306 2650 2347 ne

350 2392 521 2475 quis
584 2393 933 2456 senatori
996 2414 1195 2457 nouo
1262 2394 1547 2455 curiam
1614 2395 2044 2456 monstrare
2109 2391 2332 2455 uelit!
2409 2394 2474 2454 et
2537 2390 2650 2455 illa

350 2497 549 2584 uulgo
598 2498 992 2563 canebantur
1040 2498 1272 2577 <FPR
1306 2520 1374 2580 p.
1410 2499 1604 2581 330>2

268 2628 321 2667 20
399 2602 663 2670 Gallos
711 2604 985 2673 Caesar
1030 2606 1108 2670 in
1154 2604 1627 2689 triumphum
1677 2606 1918 2689 ducit,
1966 2605 2160 2669 idem
2209 2605 2288 2669 in
2333 2604 2646 2695 curiam:

398 2708 601 2774 Galli
640 2710 905 2776 bracas
936 2713 1487 2796 deposuerunt,
1525 2712 1764 2775 latum
1805 2712 2098 2777 clauum
2139 2698 2650 2794 sumpserunt

352 2815 593 2892 Quinto
648 2816 933 2884 Maximo
990 2819 1259 2884 suffecto
1325 2818 1808 2903 trimenstrique
1864 2820 2124 2882 consule
2180 2817 2504 2881 theatrum
2559 2816 2652 2881 in-

350 2928 678 3009 troeunte,
732 2946 878 2989 cum
923 2925 1119 2990 lictor
1172 2926 1599 2990 animaduerti
1658 2948 1736 2989 ex
1791 2946 1968 2989 more
2015 2924 2329 3007 iussisset,
2384 2924 2465 2987 ab
2512 2923 2649 2987 uni-

352 3032 555 3095 uersis
615 3033 1083 3097 conclamatum
1144 3037 1245 3097 est
1302 3054 1436 3097 non
1496 3054 1631 3097 esse
1694 3054 1839 3095 eum
1911 3032 2254 3096 consulem.
2351 3035 2500 3114 post
2558 3052 2650 3093 re-
2690 3042 2730 3089 3

274 3162 327 3199 ιε,
354 3143 567 3202 motos
625 3138 985 3203 Caesetium
1044 3143 1109 3202 et
1162 3137 1509 3203 Marullum
1566 3138 1863 3208 tribunos
1929 3142 2181 3221 reperta
2235 3140 2386 3200 sunt
2439 3135 2654 3220 proxi·

352 3244 475 3306 mis
544 3244 824 3309 comitiis
889 3245 1219 3330 complura
1288 3246 1593 3331 suffragia
1653 3245 1946 3309 consules
2009 3267 2117 3308 eos
2177 3244 2650 3308 declarantium.

352 3349 787 3434 subscripsere
850 3352 1113 3436 quidam
1166 3352 1325 3415 Luci
1382 3351 1569 3415 Bruti
1628 3357 1903 3415 statuae:
1969 3353 2262 3415 utinam
2317 3352 2650 3415 uiueres!

352 3456 507 3519 item
556 3458 759 3541 ipsius
807 3456 1093 3523 Caesaris
1139 3460 1251 3542 <F
1250 3459 1372 3523 PR
1408 3483 1474 3541 p.
1504 3462 1697 3541 35¹0>=

398 3562 712 3647 BrutuS,
752 3566 930 3649 quia
967 3588 1187 3651 reges
1227 3566 1488 3650 eiecit,
1529 3566 1799 3629 consul
1835 3566 2129 3649 primus
2163 3566 2418 3629 factus
2457 3569 2596 3628 est:

275 3694 327 3733 ao
400 3670 549 3753 hic,
597 3674 780 3755 quia
826 3674 1177 3737 consules
1227 3672 1482 3756 eiecit,
1530 3695 1660 3735 rex
1706 3676 2092 3756 postremo
2139 3672 2391 3735 factus
2441 3676 2572 3735 est.

498 3846 528 3890 2
568 3840 637 3904 cs.
690 3840 811 3892 Viri
846 3840 923 3893 ill.
965 3842 1063 3905 85,
1095 3845 1125 3892 1
1308 3844 1373 3890 29
1392 3856 1511 3906 sqq.
1552 3838 1787 3905 Eutrop.
1831 3838 1915 3889 VI
1938 3844 2012 3891 :35
2062 3838 2412 3891 coniuratum
2462 3839 2547 3891 est
2593 3836 2650 3889 in

356 3936 482 3973 eum
521 3934 555 3971 a
584 3920 881 3988 sexaginta
918 3918 1009 3973 uel
1048 3917 1289 3987 amplius
1329 3919 1682 3972 senatoribus
1713 3918 2110 3985 equitibusque
2139 3918 2421 3971 Romanis.
2493 3934 2653 3986 prae-

502 4070 528 4115 1
568 4062 755 4115 ualuit
782 4078 834 4128 ς,
861 4060 1045 4114 uoluit
1064 4064 1115 4113 ,Ω
1244 4060 1396 4128 plebi
1420 4064 1483 4124 X,
1522 4059 1745 4127 plebeio
1767 4063 1876 4127 ‹1-eo
1906 4062 1968 4128 Q)
1991 4060 2097 4111 GT
2221 4067 2252 4113 4
2290 4059 2537 4127 reppulit
2560 4061 2654 4110 Χδ

358 4149 389 4193 5
418 4142 615 4197 ualida
643 4160 675 4201 ς
705 4143 984 4210 (Oasaub.)
1130 4146 1161 4192 8
1192 4142 1441 4207 Lucium]
1480 4159 1523 4191 L·
1548 4140 1620 4191 X'
1771 4146 1800 4191 9
1842 4139 2114 4191 fatalibus
2155 4139 2311 4191 libris
2335 4142 2533 4205 scripsi
2563 4140 2652 4207 &Cf-

358 4223 545 4277 Herm.
567 4226 641 4276 36
664 4240 707 4289 p
742 4226 894 4290 295),
932 4222 1092 4274 libris
1124 4221 1393 4273 fatalibus
1427 4220 1664 4284 Y‘]⁴’²()‘·',
1704 4219 1974 4272 fatalibus
2006 4224 2022 4287 (
2027 4222 2167 4273 fact-
2201 4222 2268 4287 Γ)
2302 4221 2390 4271 rel.
2527 4238 2654 4271 con-

360 4302 569 4356 tinetur
600 4304 719 4369 GT,
758 4301 1103 4356 detineretur
1124 4304 1195 4355 M
1208 4303 1257 4355 V
1399 4306 1463 4352 10
1493 4318 1603 4352 nou
1636 4318 1733 4351 ωη.
1764 4302 1812 4353 G
1963 4308 2022 4352 11
2065 4300 2274 4365 negotii
2311 4300 2378 4363 G,
2422 4317 2528 4352 μοι·
2563 4318 2651 4352 sn-

357 4390 535 4451 spec·ta
558 4384 883 4437 casaubono
984 4388 1051 4435 20
1072 4383 1229 4434 curia
1248 4382 1297 4433 G
1400 4388 1461 4432 21
1498 4380 1718 4432 clauom
1741 4382 1993 4433 Bam-ens
2094 4387 2159 4431 ‘23
2183 4396 2404 4433 mouere
2421 4382 2484 4431 M
2507 4381 2654 4433 l'zue

359 4480 475 4531 exp.
506 4466 565 4517 in
589 4463 681 4529 M)
820 4468 886 4514 25
916 4462 1256 4515 maurullum
1282 4462 1345 4513 M
1360 4462 1371 4489 ¹
1510 4467 1577 4511 ‘26
1618 4460 1964 4513 declaratum
2003 4463 2048 4513 1'
2179 4468 2244 4513 215
2272 4461 2522 4513 Caesaris
2552 4462 2654 4513 del.

360 4544 535 4597 Polak
680 4549 745 4595 29
775 4548 825 4596 et
854 4548 919 4595 30
950 4542 1047 4609 qui
1072 4543 1327 4596 Faernus
1474 4546 1539 4591 30
1579 4550 1891 4607 postrminis
1931 4541 2048 4592 cdd.
2092 4542 2299 4606 aliquot
2336 4559 2469 4593 sace.
2506 4542 2658 4594 XVI
