3259 5209
613 433 744 494 204
1173 443 1176 446 ’
1319 433 1376 488 C.
1418 433 1733 487 SVETONI
1770 433 2220 498 TRANQVILLI

613 597 862 658 minum
893 618 1086 679 super
1113 601 1398 661 ueterem
1422 598 1735 682 segnitiae
1766 601 1986 662 notam
2006 597 2339 661 ebrietatis
2370 617 2631 679 quoque
2660 600 2727 659 et
2756 595 2927 660 aleae

617 702 948 766 infamiam
998 704 1223 785 subiit,
1281 725 1428 768 cum
1487 703 1775 786 interim,
1834 725 2202 787 quanquam
2258 703 2383 767 hoc
2436 703 2632 767 modo
2687 703 2926 789 agenti,

635 831 984 891 numquam
1023 813 1134 872 aut
1172 811 1458 874 officium
1490 810 1829 874 hominum
1867 814 1977 874 aut
2014 810 2375 874 reuerentia
2411 809 2669 893 publice
2708 809 2928 871 defuit.

543 915 586 979 6
803 915 1121 998 Equester
1160 917 1316 981 ordo
1355 916 1456 980 bis
1494 920 1841 1001 patronum
1873 939 2017 981 eum
2054 916 2470 1001 perferendae
2506 936 2624 999 pro
2666 935 2732 978 se
2763 914 2929 999 lega-

618 1022 816 1085 tionis
855 1022 1070 1108 elegit,
1109 1025 1308 1087 semel
1345 1043 1489 1087 cum
1539 1023 2007 1107 deportandum
2046 1023 2323 1088 Romam
2371 1043 2602 1106 corpus
2642 1020 2927 1106 Augusti
2990 1047 3017 1086 5

621 1128 963 1213 [h]umeris
993 1130 1125 1193 suis
1163 1129 1244 1193 ab
1275 1130 1649 1194 consulibus
1679 1129 2175 1215 exposcere[n]t,
2214 1129 2449 1193 iterum
2494 1150 2638 1192 cum
2670 1149 2931 1211 oppres-

623 1257 767 1298 sum
799 1233 1102 1299 Seianum
1133 1237 1304 1319 apud
1333 1237 1586 1301 eosdem
1622 1237 2085 1322 gratularetur3
2125 1237 2283 1320 quin
2312 1239 2375 1300 et
2406 1234 2797 1319 spectaculis
2828 1235 2933 1297 ad-

554 1359 584 1404 2
627 1341 910 1406 uenienti
961 1364 1292 1428 assurgere
1339 1346 1405 1406 et
1442 1343 1729 1408 lacernas
1769 1344 2085 1427 deponere
2126 1342 2392 1407 solebat.
2480 1345 2741 1406 senatus
2780 1363 2934 1424 quo-

626 1470 778 1532 que,
833 1453 906 1512 ut
953 1450 1033 1513 ad
1080 1471 1418 1514 numerum
1476 1451 1791 1514 sodalium
1840 1450 2302 1537 Augustalium
2363 1454 2534 1513 sorte
2592 1448 2935 1511 ductorum

624 1558 807 1618 extra
855 1555 1143 1619 ordinem
1191 1556 1565 1635 adiceretur,
1613 1559 1863 1620 censuit
1908 1562 1971 1621 et
2019 1578 2170 1621 mox
2216 1561 2290 1619 ut
2337 1556 2566 1620 domus
2614 1555 2693 1637 ei,
2740 1577 2933 1637 quam
2970 1581 3026 1618 ιο

625 1661 922 1726 incendio
973 1661 1288 1746 amiserat,
1335 1662 1596 1747 publica
1646 1665 1937 1747 impensa
1986 1663 2449 1748 restitueretur,
2503 1660 2935 1744 dicendaeque

634 1769 803 1833 inter
849 1771 1213 1833 consulares
1253 1771 1606 1835 sententiae
1645 1772 1743 1834 ius
1781 1776 1962 1836 esset.
2040 1771 2212 1855 quod
2251 1771 2578 1834 decretum
2618 1767 2935 1831 abolitum

633 1880 748 1960 est,
795 1881 1137 1940 excusante
1185 1875 1444 1940 Tiberio
1493 1877 2002 1941 imbecillitatem
2052 1879 2189 1941 eius
2234 1898 2307 1940 ac
2355 1877 2659 1941 damnum
2706 1875 2937 1938 libera-

632 1982 816 2046 litate
851 2004 964 2046 sua
985 2005 1380 2048 resarsurum
1400 1983 1763 2066 pollicente.
1850 1985 1959 2066 qui
1993 1988 2209 2048 tamen
2238 1983 2519 2048 moriens
2540 1986 2606 2046 et
2628 1981 2696 2044 in
2724 1981 2935 2046 tertiis

635 2088 977 2153 heredibus
1021 2111 1167 2153 eum
1196 2113 1274 2153 ex
1308 2095 1490 2174 parte
1528 2091 1721 2154 tertia
1763 2096 2230 2175 nuncupatum,
2271 2090 2487 2176 legato
2530 2089 2725 2153 etiam
2769 2088 2937 2152 circa
2971 2111 3023 2172 ns

631 2197 997 2260 sestertium
1028 2197 1225 2260 uicies
1247 2201 1630 2279 prosecutus
1659 2198 2133 2262 commendauit
2164 2199 2427 2281 insuper
2446 2194 2835 2260 exercitibus
2865 2215 2938 2256 ac

631 2302 878 2365 senatui
927 2303 1296 2386 populoque
1346 2303 1419 2367 R.
1460 2304 1627 2367 inter
1684 2309 1924 2368 ceteras
1980 2304 2483 2368 necessitudines
2530 2302 2934 2367 nominatim·

567 2405 602 2469 7
819 2407 951 2471 Sub
1001 2406 1158 2472 Gaio
1218 2409 1471 2474 demum
1527 2411 1745 2474 fratris
1801 2412 1937 2475 filio
1996 2411 2336 2475 secundam
2392 2410 2935 2474 existimationem

636 2513 806 2578 circa
870 2515 1056 2577 initia
1119 2516 1373 2599 imperii
1451 2517 1753 2581 omnibus
1828 2518 2166 2582 lenociniis
2240 2518 2583 2601 colligente
2656 2515 2938 2580 honores

637 2621 1002 2704 auspicatus
1061 2622 1464 2686 consulatum
1520 2626 1721 2709 gessit
1778 2647 1905 2688 una
1958 2647 2076 2707 per
2134 2625 2296 2688 duos
2352 2645 2631 2704 menseS,
2697 2622 2938 2686 euenit·
2966 2646 3023 2686 so

638 2749 761 2811 que
808 2732 882 2791 ut
929 2729 1231 2811 primitus
1271 2730 1657 2815 ingredienti
1696 2753 1840 2794 cum
1881 2731 2161 2795 fascibus
2201 2732 2413 2796 forum
2453 2729 2937 2814 praeteruolans

639 2834 854 2917 aquila
904 2836 1259 2901 dexteriore
1307 2859 1528 2902 umero
1577 2838 1952 2902 consideret.
2038 2840 2305 2903 sortitus
2352 2843 2449 2901 est
2496 2840 2561 2901 et
2609 2837 2685 2901 de
2733 2836 2934 2900 altero

639 2943 976 3006 consulatu
1051 2943 1116 3007 in
1193 2949 1491 3027 quartum
1568 2967 1837 3028 annum3
1920 2945 2368 3028 praeseditque
2450 2965 2937 3026 nonnumquam

641 3051 1020 3133 spectaculis
1067 3051 1133 3113 in
1184 3049 1302 3114 Gai
1350 3053 1576 3132 uicem,
1625 3052 2025 3116 adclamante
2070 3052 2342 3135 populo:
2398 3051 2750 3114 feliciter
2795 3071 2936 3132 par-

569 3151 762 3218 Stim
818 3161 1095 3239 patruo
1153 3159 1651 3241 imperatoris
1717 3159 1954 3241 partim
2012 3157 2444 3222 Germanici
2502 3157 2757 3222 fratri!
2820 3179 2937 3221 nec
2966 3181 3019 3219 ει

637 3283 714 3326 eo
764 3263 976 3326 minus
1024 3262 1432 3326 contumeliis
1482 3263 1801 3327 obnoxius
1851 3263 2032 3327 uixit.
2116 3287 2265 3328 nam
2305 3269 2371 3328 et
2408 3263 2460 3328 si
2500 3264 2695 3347 paulo
2737 3265 2936 3328 serius

641 3369 718 3431 ad
757 3371 1146 3452 praedictam
1187 3391 1376 3432 cenae
1415 3369 1639 3433 horam
1690 3371 2086 3455 occurrisset,
2132 3392 2264 3435 non
2300 3369 2426 3435 nisi
2474 3391 2665 3456 aegre
2712 3375 2776 3434 et
2824 3371 2938 3436 cir—

637 3475 816 3556 cuito
875 3476 1130 3540 denium
1190 3477 1470 3540 triclinio
1529 3475 1983 3560 recipiebatur,
2040 3483 2104 3541 et
2160 3477 2459 3560 quotiens
2514 3481 2665 3560 post
2722 3476 2937 3541 cibum

643 3581 1165 3665 addormisc-eret,
1223 3583 1394 3665 quod
1452 3584 1508 3646 ei
1556 3584 1689 3646 fere
1738 3585 2092 3669 accidebat,
2141 3585 2424 3647 olearum
2474 3587 2585 3648 aut
2631 3583 2938 3667 palmula-

788 3763 817 3809 2
857 3777 890 3809 α
927 3756 1064 3809 Cum
1110 3757 1338 3810 interim
1385 3759 1551 3826 uulyo
1597 3759 1763 3826 incip.
1815 3777 2019 3812 nouum.
2066 3766 2233 3827 capu-t
2279 3759 2376 3824 (sie
2412 3761 2474 3812 in
2508 3761 2599 3825 Μ,
2648 3759 2792 3812 Tum
2834 3776 2939 3828 pro

645 3835 781 3888 Cum
815 3837 881 3902 G,
921 3836 1023 3890 Cui
1062 3839 1393 3892 B.-Cmcsius
1439 3840 1681 3904 mauult,
1728 3846 1789 3891 ut
1836 3846 1911 3892 est
1956 3843 2019 3893 in
2057 3857 2225 3909 mar-9.
2256 3840 2375 3893 edd.
2410 3839 2694 3910 Gryphit),
2740 3842 2941 3894 rectius

653 3919 802 3970 Torr.
824 3919 896 3971 al.
919 3918 988 3971 ab
1019 3917 1292 3986 Equester
1411 3923 1440 3970 3
1471 3920 1776 3971 reuertenti
1798 3937 1830 3970 a
1854 3919 1947 3973 31¹
2056 3920 2285 3988 publica
2311 3920 2399 3979 Τς
2422 3921 2613 3989 (uuly.)
2724 3926 2756 3971 4
2786 3919 2937 3989 lega·

645 3997 787 4050 tioni
826 3998 1057 4066 Bentley
1204 4004 1234 4052 6
1274 4001 1637 4066 exposcerent
1661 4002 1710 4050 ,Ω
1751 4001 1931 4066 (etiam
1970 4001 2058 4067 T),
2096 4003 2421 4068 exposceret
2462 4021 2509 4066 ς,
2548 4005 2941 4068 exposceretur

648 4079 879 4132 C'asanb.
1002 4085 1033 4130 8
1054 4077 1307 4131 lacernas
1328 4078 1468 4132 11²T
1475 4097 1523 4144 ς,
1547 4077 1804 4132 lucernas
1828 4081 1915 4132 rel.
1936 4083 2024 4148 (Ω.)
2127 4085 2157 4131 9
2180 4079 2471 4133 doctorum
2492 4081 2567 4134 M
2570 4081 2619 4133 T
2622 4079 2639 4110 ¹
2760 4087 2823 4133 11
2856 4081 2938 4132 in·

646 4157 1078 4210 cendiomiserat
1109 4159 1182 4210 M
1291 4163 1352 4210 12
1385 4159 1695 4211 sententiae
1726 4160 1844 4212 eius
1879 4160 1961 4223 M,
2002 4161 2280 4213 sententia
2310 4161 2429 4213 eius
2464 4161 2571 4215 GR
2599 4161 2749 4226 (inde
2778 4165 2939 4212 antea

648 4237 998 4306 dicendaque
1031 4239 1101 4304 G)
1218 4245 1278 4290 13
1320 4239 1438 4291 eius
1469 4256 1567 4292 om.
1591 4243 1649 4292 X
1754 4245 1819 4291 14
1856 4255 2200 4293 resarsurum
2240 4244 2477 4309 (resaus-
2496 4241 2649 4309 Π).Ω
2686 4247 2737 4293 et
2768 4241 2847 4293 sic
2886 4249 2939 4294 m

651 4319 761 4370 uid.
786 4319 949 4383 Suet,
972 4321 1182 4371 -turum
1205 4319 1516 4388 Q²31suuly.)
1638 4322 1694 4371 et
1724 4321 1823 4373 del.
1841 4321 2073 4388 Lipsius
2193 4327 2257 4373 16
2288 4320 2534 4374 sestertii
2556 4323 2601 4375 I.
2618 4319 2686 4373 F.
2706 4321 2937 4374 Gronov.

648 4399 1350 4469 ‹,cf.a‹11az.50p.26,24)
1467 4405 1529 4450 ιε
1560 4400 1978 4470 estimationem
2002 4401 2053 4454 G
2162 4407 2228 4453 25
2260 4417 2435 4470 paruo
2459 4385 2538 4454 -A-
2559 4403 2763 4469 patruo
2782 4401 2853 4453 Μ

645 4485 864 4546 partem
887 4481 960 4532 M
1077 4485 1143 4531 26
1176 4479 1527 4532 contumeliis
1558 4481 1656 4533 del.
1679 4481 1986 4534 Salmasius
2114 4486 2178 4533 29
2220 4480 2657 4534 obdormisceret
2684 4481 2767 4534 ed.
2798 4481 2939 4532 Bon.

649 4564 795 4611 14⁸&
825 4562 896 4614 al.
931 4560 1022 4626 «sad
1055 4562 1114 4611 in
1140 4561 1190 4614 G·
1217 4577 1284 4613 ss,
1320 4579 1382 4612 m.
1407 4565 1458 4627 1)
