3259 5209
618 417 744 480 182
1319 416 1374 469 C.
1416 415 1731 469 SVETONI
1767 415 2214 480 TRANQVILLI

508 579 596 644 32
794 580 1097 644 Animum
1152 599 1408 662 quoque
1454 580 1808 643 remittenti
1861 569 2144 660 ludoque
2191 584 2255 642 et
2302 578 2508 660 epulis
2555 578 2771 641 dedito
2821 600 2924 640 ea-

612 687 756 750 dem
816 686 1133 750 factorum
1206 686 1654 768 dictorumque
1715 685 1985 750 saeuitia
2053 685 2287 749 aderat.
2386 707 2573 768 saepe
2641 684 2711 748 in
2771 705 2921 747 con-

612 797 835 875 spectu
882 793 1253 874 prandentis
1312 793 1418 855 uel
1476 792 1851 857 comisantis
1909 791 2112 856 seriae
2169 792 2576 874 quaestiones
2630 813 2745 874 per
2790 794 2922 853 tor-

608 902 826 962 menta
882 897 1313 983 habebantur,
1370 900 1553 963 miles
1611 897 1968 963 decollandi
2027 897 2256 962 artifex
2312 898 2826 980 quibuscumque
2884 921 2922 959 e

609 1005 901 1070 custodia
948 1007 1159 1089 capita
1206 1006 1597 1090 amputabat.
1681 1004 1968 1070 Puteolis
2007 1004 2404 1069 dedicatione
2440 1005 2677 1088 pontiS,
2725 1025 2919 1085 quem
2979 1031 3006 1068 5

610 1112 1047 1196 excogitatum
1098 1112 1176 1176 ab
1225 1135 1301 1176 eo
1350 1111 1856 1197 significauimus
1894 1112 2240 1194 <cap.19>,
2288 1131 2432 1174 cum
2481 1111 2722 1174 multos
2760 1132 2795 1173 e
2840 1109 2917 1172 li-

605 1222 747 1282 tore
803 1219 1140 1282 inuitasset
1186 1219 1266 1283 ad
1322 1241 1415 1302 se,
1480 1223 1742 1302 repente
1799 1219 2009 1281 omnis
2065 1217 2542 1301 praecipitauit,
2599 1216 2917 1299 quosdam

607 1324 1043 1410 gubernacula
1089 1325 1637 1410 apprehendentes
1683 1325 1890 1388 contis
1935 1325 2260 1407 remisque
2306 1323 2581 1388 detrusit
2617 1325 2678 1386 in
2723 1345 2918 1388 mare.

539 1449 570 1496 2
612 1430 854 1496 Romae
910 1432 1173 1516 publico
1231 1435 1421 1516 epulo
1478 1454 1736 1496 seruum
1784 1431 1866 1495 ob
1921 1431 2268 1496 detractam
2316 1431 2498 1494 lectis
2546 1435 2916 1516 argenteam

608 1540 914 1604 laminam
974 1537 1254 1604 carnifici
1311 1538 1651 1602 confestim
1697 1538 1993 1622 tradidit,
2042 1543 2115 1601 ut
2161 1537 2458 1601 manibus
2505 1537 2774 1602 abscisis
2822 1544 2916 1602 at-

609 1667 734 1728 que
790 1650 938 1709 ante
994 1649 1217 1728 pectus
1264 1667 1298 1708 e
1348 1645 1512 1708 collo
1570 1644 2028 1728 pendentibus,
2083 1645 2502 1729 praecedente
2557 1644 2752 1709 titulo
2803 1643 2916 1728 qui

611 1772 867 1815 causam
915 1774 1159 1835 poenae
1214 1750 1541 1835 indicaret,
1596 1774 1712 1835 per
1767 1755 1986 1815 coetus
2035 1750 2436 1834 epulantium
2485 1750 2918 1816 circumduce-

610 1861 803 1922 retur.
906 1859 1380 1923 murmillonem
1440 1881 1473 1920 e
1537 1857 1690 1920 ludo
1756 1858 2024 1921 rudibus
2100 1879 2314 1921 secum
2383 1858 2783 1922 battuentem
2851 1863 2916 1922 et

612 1968 842 2048 sponte
888 1969 1281 2048 prostratum
1330 1964 1619 2029 confodit
1665 1965 1871 2029 ferrea
1908 1965 2040 2028 sica
2077 1985 2150 2028 ac
2188 1986 2364 2028 more
2405 1966 2726 2029 uictorum
2765 1987 2912 2030 cum

538 2089 568 2137 8
608 2073 823 2155 palma
880 2072 1278 2136 discucurrit.
1373 2071 1630 2135 admota
1687 2071 1993 2135 altaribus
2049 2072 2314 2135 uictima
2376 2072 2742 2136 succinctus
2799 2095 2914 2156 po·
2976 2097 2998 2134 ε.

608 2200 834 2260 parum
882 2177 1110 2242 habitu
1157 2179 1325 2242 elato
1374 2179 1501 2241 alte
1547 2180 1780 2242 malleo
1818 2179 2190 2242 cultrarium
2229 2179 2554 2242 mactauit.
2636 2178 2914 2243 lautiore

610 2285 912 2348 conuiuio
944 2285 1183 2348 effusus
1215 2284 1429 2349 subito
1462 2286 1529 2349 in
1559 2284 1906 2350 cachinnos
1938 2284 2328 2367 consulibus,
2368 2285 2481 2366 qui
2515 2287 2695 2348 iuxta
2724 2287 2913 2350 cuba-

610 2390 785 2474 bant,
824 2391 1129 2474 quidnam
1169 2391 1406 2454 rideret
1441 2390 1675 2454 blande
1714 2391 2196 2474 quaerentibus:
2244 2391 2453 2474 quid,
2493 2392 2722 2476 inquit,
2761 2394 2912 2456 nisi

608 2519 755 2560 uno
788 2519 947 2561 meo
977 2501 1167 2561 nutu
1198 2499 1538 2583 iugulari
1568 2503 1973 2580 utrumque
2002 2503 2340 2562 uestrum
2361 2498 2621 2561 statim
2644 2498 2912 2581 posse?

503 2603 594 2670 33
616 2603 781 2666 inter
810 2605 1022 2669 uarios
1051 2605 1245 2686 iocOS,
1276 2627 1419 2670 cum
1448 2606 1752 2669 assistens
1783 2603 2122 2668 simulacro
2152 2602 2326 2669 louis
2357 2603 2632 2687 Apellen
2660 2609 2910 2688 tragoe-
2943 2631 2966 2667 ε

609 2709 760 2772 dum
791 2710 1221 2776 consuluisset
1257 2715 1402 2774 uter
1430 2711 1525 2774 illi
1567 2711 1773 2776 maior
1809 2711 2152 2795 uideretur,
2191 2715 2596 2774 cunctantem
2635 2711 2910 2796 flagellis

608 2815 869 2880 discidit
918 2816 1308 2882 conlaudans
1357 2817 1625 2880 subinde
1663 2839 1888 2882 uocem
1937 2817 2339 2901 deprecantis
2379 2817 2561 2899 qua-si
2609 2819 2803 2881 etiam
2842 2819 2908 2880 in

609 2923 855 3007 gemitu
891 2924 1310 3007 praedulcem.
1396 2925 1694 3006 quotiens
1731 2925 1952 2989 uxoris
1991 2926 2096 2988 uel
2141 2923 2450 2987 amiculae
2486 2925 2724 2987 collum
2765 2947 2910 2988 exo-

609 3029 978 3110 scularetur,
1018 3029 1315 3094 addebat:
1365 3036 1513 3093 tam
1544 3029 1740 3094 bona
1769 3031 2026 3092 ceruix
2068 3029 2292 3093 simul
2331 3051 2414 3094 ac
2455 3031 2748 3094 iussero
2791 3030 2910 3094 de—

2953 1563 3004 1600 m

609 3140 869 3200 metur.
955 3137 1113 3219 quin
1142 3142 1205 3201 et
1243 3136 1510 3201 subinde
1551 3136 1828 3200 iactabat
1867 3137 2431 3219 exquisiturum
2471 3160 2545 3200 se
2579 3138 2704 3201 uel
2731 3136 2909 3201 fidi·
2941 3163 2988 3200 25

612 3244 810 3307 culis
861 3244 945 3307 de
997 3243 1370 3307 Caesonia
1418 3265 1575 3324 sua,
1624 3264 1754 3306 cur
1793 3266 1944 3306 eam
1995 3247 2210 3307 tanto
2253 3265 2479 3326 opere
2527 3242 2908 3328 diligeret.

504 3349 595 3414 34
791 3351 925 3413 Nec
972 3351 1217 3413 minore
1254 3348 1460 3413 liuore
1500 3371 1572 3412 ac
1608 3349 2010 3434 malignitate
2049 3371 2240 3432 quam
2280 3350 2578 3434 superbia
2615 3351 2912 3414 saeuitia-

609 3478 732 3538 que
796 3478 995 3539 paene
1060 3457 1365 3519 aduersus
1435 3457 1644 3520 omnis
1709 3456 1850 3519 aeui
1914 3455 2246 3519 hominum
2315 3478 2516 3542 genus
2583 3461 2909 3542 grassatus

609 3569 719 3627 est.
813 3567 1055 3626 statuas
1118 3564 1403 3626 uirorum
1464 3563 1835 3626 inlustrium
1896 3563 1975 3626 ab
2037 3563 2333 3648 Augusto
2402 3585 2480 3628 ex
2543 3563 2908 3647 Capitolina

753 3751 816 3799 27
850 3747 1085 3815 Eut-rop.
1118 3746 1242 3800 VII
1263 3752 1349 3812 12,
1370 3752 1403 3799 4
1441 3749 1508 3813 cf.
1542 3747 1699 3814 Epe‘t.
1723 3753 1807 3813 11,
1826 3755 1892 3801 10
1920 3747 1978 3799 in
2009 3763 2171 3800 omne
2201 3747 2488 3800 hominum
2519 3763 2712 3816 genus,
2733 3746 2907 3799 etiam

608 3827 664 3880 in
706 3844 851 3892 ειιοε,
890 3826 1135 3880 ferarum
1171 3843 1323 3880 more
1361 3827 1725 3896 grassabatur
1763 3828 2176 3895 (Domitianus).

752 3995 784 4040 4
824 3987 965 4058 (et)
997 3987 1157 4040 miles
1189 3987 1476 4051 Ruhnken,
1508 3987 1684 4040 Polak
1867 3992 1895 4038 7
1936 3988 2187 4057 repente]
2228 3990 2396 4055 ponte
2430 3989 2558 4057 HQ,
2605 3989 2836 4055 repente
2875 4003 2904 4039 e

612 4071 782 4136 ponte
825 4068 1059 4122 Casaub.
1164 4073 1194 4119 8
1232 4067 1465 4120 retrusit
1505 4069 1736 4136 Bentley
1774 4069 1906 4134 (cod.
1945 4069 2116 4134 Torr.)
2221 4072 2251 4118 9
2281 4066 2426 4120 lecto
2466 4068 2532 4120 N
2629 4071 2695 4118 10
2733 4065 2909 4119 tradit

611 4149 833 4203 MLPS
996 4154 1059 4200 13
1100 4149 1154 4217 e]
1193 4147 1251 4200 in
1291 4148 1521 4215 Lipsius
1692 4153 1756 4199 15
1796 4164 2124 4215 pomparum
2167 4147 2472 4201 HRXNG³
2639 4152 2700 4198 17
2742 4146 2906 4199 cuba-

608 4227 771 4298 bant]
802 4230 870 4294 εἴ.
888 4247 944 4296 p.
972 4233 1093 4287 176,
1117 4234 1188 4281 1⁸
1302 4234 1365 4280 18
1397 4227 1669 4295 quidnam
1698 4245 1863 4295 usque
1883 4227 2282 4293 quaerentibus
2303 4244 2402 4280 om.
2430 4227 2478 4280 G
2591 4231 2658 4278 20
2689 4224 2906 4295 apellen

608 4315 768 4376 (app-
787 4310 838 4376 δ)
856 4311 969 4372 Ηὸ,
991 4308 1279 4377 appellent
1294 4310 1378 4371 M,
1400 4307 1678 4376 appellem
1701 4309 1720 4374 ζ
1723 4325 1758 4374 p
1780 4309 2007 4373 simplex
2030 4309 2088 4359 in
2109 4308 2278 4372 Syrel.
2393 4313 2454 4359 21
2481 4305 2828 4360 consuluisse
2847 4308 2912 4359 M

612 4394 679 4440 24
726 4389 1039 4441 demet-etur
1082 4390 1373 4442 Ii‘einese'us
1422 4389 1734 4455 (Graevius)
1893 4393 1958 4438 28
1999 4388 2177 4439 omnis
2231 4387 2355 4440 aeui
2405 4387 2694 4440 hominum
2733 4402 2907 4454 genus

612 4473 810 4538 (genus
842 4486 940 4522 om.
976 4469 1095 4537 ΡΩ)
1125 4467 1532 4537 MGJ.(P¹?)Q,
1575 4485 1737 4520 omne
1767 4484 1943 4535 genus
1975 4466 2262 4519 hominum
2296 4466 2504 4531 P²HR,
2541 4483 2702 4519 omne
2733 4465 2908 4518 homi-

609 4567 741 4600 num
782 4565 957 4617 genus
987 4549 1156 4613 STN,
1198 4563 1358 4600 omne
1397 4555 1524 4601 ante
1563 4548 1744 4600 omnis
1783 4548 1909 4600 add.
1946 4547 2216 4601 Graevius
2258 4547 2492 4616 Madvig]
