3259 5209
613 417 744 484 282
1317 417 1374 472 C.
1415 417 1732 474 svmom
1768 418 2213 484 TRANQVILLI

618 582 899 669 mugitui
954 595 1166 647 sonus.
1259 585 1476 647 secuta
1535 586 1688 646 sunt
1746 583 2077 666 aliquanto
2137 583 2594 648 manifestiora.
2680 583 2919 648 monile

615 689 980 775 margaritis
1009 689 1409 774 gemmisque
1445 693 1814 753 consertum
1852 690 1935 754 ad
1962 689 2313 756 ornandam
2352 689 2708 754 Fortunam
2736 711 2918 754 suam

615 795 1046 861 Tusculanam
1092 818 1171 860 ex
1213 795 1398 860 'omni
1443 818 1601 882 gaza
1633 801 2022 880 secreuerat3
2070 795 2135 860 id
2180 801 2442 880 repente
2488 797 2674 879 quasi
2720 816 2919 880 augu-

613 903 812 968 stiore
859 903 1118 990 dignius
1173 902 1318 967 loco
1369 901 1771 986 Capitolinae
1817 902 2054 967 Veneri
2101 903 2439 986 dedicauit,
2495 924 2571 968 ac
2622 901 2923 986 proxima

612 1014 802 1074 nocte
832 1009 1181 1074 somniauit
1213 1009 1490 1093 speciem
1519 1007 1843 1074 Fortunae
1881 1011 2207 1094 querentis
2242 1009 2601 1074 fraudatam
2640 1031 2710 1074 se
2746 1009 2919 1073 dono
2974 1033 3002 1074 ε

616 1115 954 1199 destinat0,
991 1115 1424 1200 minantisque
1454 1119 1820 1200 erepturam
1848 1120 1915 1180 et
1952 1118 2160 1200 ipsam
2191 1138 2355 1200 quae
2382 1115 2679 1181 dedisset.
2746 1137 2921 1180 cum-

617 1243 742 1306 que
787 1222 1132 1288 exterritus
1177 1223 1321 1288 luce
1366 1223 1574 1308 prima
1616 1223 1699 1287 ad
1736 1222 2126 1308 expiandum
2163 1223 2502 1307 somnium,
2548 1223 2921 1307 praemissis

616 1331 726 1414 qui
764 1352 898 1394 rem
938 1330 1224 1394 diuinam
1263 1334 1669 1414 appararent,
1706 1329 2051 1394 Tusculum
2095 1330 2577 1413 excucurrisset,
2617 1329 2787 1393 nihil
2822 1330 2919 1392 in·

615 1437 794 1500 uenit
828 1441 1082 1521 praeter
1122 1436 1404 1520 tepidam
1442 1437 1508 1500 in
1548 1445 1661 1502 ara'
1700 1435 1991 1502 fauillam
2029 1441 2439 1520 atratumque
2474 1437 2654 1501 iuxta
2699 1457 2919 1500 senem

613 1543 683 1607 in
719 1545 932 1608 catino
971 1544 1179 1607 uitreo
1217 1541 1432 1627 t[h]us
1469 1547 1789 1608 tenentem
1834 1547 1899 1606 et
1935 1543 2004 1607 in
2032 1543 2231 1609 calice
2262 1542 2449 1607 fictili
2478 1565 2743 1608 merum.
2806 1541 2919 1606 ob-
2948 1568 3006 1607 ιο

543 1669 578 1717 3
617 1655 943 1715 seruatum
979 1651 1172 1714 etiam
1211 1653 1309 1714 est
1345 1649 1490 1741 Kal,
1515 1647 1649 1714 Ian.
1688 1651 2074 1716 sacrificanti
2112 1671 2415 1715 coronam
2454 1649 2530 1714 de
2567 1651 2778 1733 capite
2814 1671 2919 1713 ex-

615 1757 865 1840 cidisse,
903 1755 1259 1841 auspicanti
1294 1755 1508 1839 pullos
1543 1756 1862 1841 auolasse3
1900 1756 2265 1840 adoptionis
2300 1757 2403 1820 die
2432 1778 2641 1839 neque
2678 1755 2919 1820 milites

613 1863 994 1928 adlocuturo
1041 1867 1428 1928 castrensem
1477 1863 1701 1928 sellam
1750 1863 1827 1926 de
1874 1874 2050 1927 more
2097 1864 2376 1948 positam
2432 1885 2549 1947 pro
2606 1862 2919 1926 tribunali

615 1970 834 2035 oblitis
873 1969 1188 2034 ministris
1223 1974 1286 2034 et
1323 1971 1393 2034 in
1425 1975 1650 2034 senatu
1685 1969 1968 2034 curulem
2006 1991 2304 2053 peruerse
2337 1970 2733 2034 collocatam.
2790 1969 2919 2052 pri-

513 2077 602 2144 19
617 2099 694 2140 us
741 2098 892 2141 uero
942 2098 1134 2159 quam
1182 2076 1576 2141 occideretur
1613 2076 2075 2141 sacrificantem
2114 2098 2299 2141 mane
2336 2083 2653 2160 haruspex
2688 2075 2918 2140 identi—
2948 2101 3004 2140 ιι

617 2183 759 2247 dem
798 2183 1066 2265 monuit,
1113 2187 1366 2247 caueret
1401 2183 1779 2267 periculum,
1824 2204 1957 2247 non
2001 2182 2195 2268 longe
2230 2191 2636 2267 percussores
2674 2183 2917 2246 abesse.

792 2288 984 2354 Haud
1031 2289 1238 2353 multo
1284 2295 1435 2372 post
1491 2290 1825 2375 cognoscit
1869 2290 2073 2354 teneri
2122 2294 2329 2354 castra
2385 2289 2464 2354 ab
2512 2287 2786 2371 Othone,
2840 2310 2916 2352 ac

614 2395 936 2480 plerisque
997 2400 1070 2459 ut
1131 2394 1352 2460 eodem
1417 2418 1610 2480 quam
1671 2396 1949 2480 primum
2014 2400 2310 2481 pergeret
2370 2395 2785 2460 suadentibus
2827 2433 2915 2441 --

613 2523 802 2586 posse
849 2501 1020 2565 enim
1067 2504 1450 2567 auctoritate
1498 2507 1563 2566 et
1608 2502 1971 2586 praesentia
2010 2503 2377 2586 praeualere
2434 2541 2517 2548 —
2573 2501 2739 2566 nihil
2783 2523 2916 2565 am-

612 2607 786 2692 plius
834 2629 1025 2691 quam
1065 2609 1391 2673 continere
1431 2632 1496 2674 se
1536 2610 1765 2674 statuit
1802 2613 1867 2673 et
1901 2608 2404 2695 legionariorum
2443 2610 2701 2672 firmare
2736 2631 2914 2691 prae-
2943 2633 3000 2672 ιο

617 2714 821 2799 sidiis,
869 2716 980 2799 qui
1026 2715 1447 2780 multifariam
1497 2715 1873 2800 diuerseque
1930 2717 2291 2780 tendebant.
2374 2717 2642 2781 loricam
2699 2721 2917 2780 tamen

616 2821 826 2887 induit
869 2821 1162 2906 linteam,
1218 2844 1584 2907 quanquam
1644 2822 1815 2887 haud
1863 2822 2271 2888 dissimulans
2325 2845 2554 2908 parum
2610 2823 2915 2887 aduersus

541 2950 574 2996 2
619 2933 719 2993 tot
782 2949 1119 2994 mucrones
1190 2930 1610 3012 profuturam.
1710 2930 1821 2994 sed
1892 2934 2217 2994 extractus
2281 2929 2647 2994 rumoribus
2715 2928 2914 3011 falsie,

616 3057 777 3119 quos
825 3036 1203 3120 conspirati,
1257 3039 1331 3099 ut
1386 3058 1532 3099 eum
1581 3036 1651 3099 in
1701 3035 2037 3118 publicum
2092 3035 2420 3120 elicerent,
2474 3035 2553 3100 de
2599 3035 2915 3100 industria

616 3142 1022 3226 dissiparant,
1067 3143 1288 3225 paucis
1334 3147 1570 3206 temere
1608 3141 2082 3206 affirmantibus
2129 3146 2521 3207 transactum
2559 3142 2913 3226 negotium,
2942 3165 2997 3205 ιε

615 3271 984 3334 oppressos,
1059 3250 1171 3332 qui
1234 3249 1808 3332 tumultuarentur,
1884 3248 2183 3314 aduenire
2246 3249 2603 3332 frequentis
2667 3253 2913 3314 ceteros

613 3355 1122 3442 gratulabundos
1160 3359 1223 3419 et
1262 3355 1325 3418 in
1367 3377 1557 3420 omne
1595 3355 1972 3437 obsequium
2012 3362 2291 3438 paratos,
2334 3355 2414 3419 iis
2450 3359 2525 3419 ut
2552 3361 2915 3420 occurreret

609 3463 854 3545 prodiit
899 3465 1078 3526 tanta
1123 3462 1374 3546 fiducia,
1421 3467 1495 3525 ut
1539 3461 1733 3525 militi
1780 3462 2031 3527 cuidam
2072 3463 2353 3529 occisum
2400 3485 2439 3526 a
2483 3483 2552 3525 se
2590 3459 2912 3526 Othonem

611 3568 944 3653 glorianti:
1002 3588 1146 3650 quo
1194 3569 1554 3632 auctore?
1609 3569 2037 3653 responderit,
2094 3573 2285 3652 atque
2332 3570 2400 3632 in
2447 3569 2659 3632 forum
2710 3590 2915 3652 usque

614 3674 943 3758 processit.
1025 3673 1117 3738 ibi
1165 3674 1438 3759 equites,
1499 3674 1733 3758 quibus
1782 3675 2082 3740 mandata
2127 3675 2349 3740 caedes
2395 3679 2559 3752 erat,
2606 3697 2752 3740 cum
2799 3697 2915 3758 per
2941 3700 2996 3740 so

613 3779 946 3865 publicum
984 3779 1230 3845 dimota
1264 3802 1661 3866 paganorum
1706 3782 1895 3846 turba
1934 3803 2131 3866 equos
2167 3782 2551 3868 adegissent,
2586 3783 2729 3846 uiso
2768 3803 2913 3866 pro-

613 3886 720 3952 cul
767 3909 841 3952 eo
888 3909 1234 3970 parumper
1279 3889 1681 3972 restiterunt3
1727 3888 1874 3952 dein
1910 3911 2164 3953 rursum
2214 3889 2466 3953 incitati
2507 3888 2829 3954 desertum
2874 3911 2914 3951 a

614 3995 746 4058 suis
795 3994 1333 4058 contrucidarunt.

758 4159 820 4206 21
875 4153 1057 4207 Victor
1096 4153 1243 4206 Caes.
1275 4157 1324 4218 6,
1353 4156 1390 4204 2
1426 4151 1601 4205 lorica
1638 4155 1820 4205 tectus
1860 4153 2036 4221 (Epit.
2068 4157 2119 4219 6,
2147 4157 2221 4220 4).

614 4255 777 4262 m

761 4320 786 4366 1
828 4312 1237 4382 manifestiora]
1268 4312 1485 4365 maiora
1513 4315 1570 4366 et
1596 4311 1849 4365 tristiora
1880 4315 1928 4364 Τ
2036 4317 2067 4365 8
2107 4315 2273 4382 gazta
2302 4314 2375 4367 M
2481 4317 2549 4365 10
2578 4311 2813 4366 ficticfili
2843 4313 2919 4366 M

618 4399 679 4446 11
711 4397 798 4447 est
816 4394 990 4446 etiam
1010 4394 1076 4458 G,
1107 4395 1193 4445 est
1211 4410 1311 4446 om.
1334 4393 1444 4446 ΡΤ
1549 4398 1613 4445 12
1641 4391 1891 4446 euolasse
1911 4396 1968 4445 X
2074 4399 2140 4446 14
2169 4392 2337 4447 obliti
2359 4394 2433 4447 M
2536 4395 2767 4446 senecta
2788 4392 2913 4454 Md,

613 4475 900 4526 senectute
915 4474 966 4526 G
1046 4472 1291 4526 locatam
1305 4473 1355 4526 G
1439 4479 1501 4525 21
1527 4471 1849 4540 diuersique
1861 4473 2040 4527 Bentl.
2117 4479 2185 4526 25
2206 4472 2553 4543 dissiparunt
2566 4471 2678 4538 111¹,
2698 4471 2914 4542 disper-

615 4555 803 4605 serant
823 4553 866 4607 S
952 4558 1018 4606 26
1047 4553 1369 4620 frequentes
1389 4553 1715 4616 GHRPST,
1736 4554 1849 4604 -ter
1872 4551 1934 4622 Q,
1955 4552 2095 4606 -tius
2114 4551 2195 4606 L⁸
2279 4557 2346 4605 30
2373 4549 2711 4620 processerit
2728 4551 2911 4604 Bentl.
