3259 5209
1088 433 1544 490 DOMITIANVS
1580 446 1716 497 [car.
1745 447 1870 496 4—7]
2012 519 2021 530 ·
2497 435 2630 500 339

328 602 559 682 sponte
604 599 673 662 in
721 596 1009 683 chattos,
1052 599 1411 664 necessario
1459 621 1656 664 unam
1699 599 1766 663 in
1815 598 2144 664 Sarmatas
2188 598 2444 685 legione
2481 620 2628 664 cum

324 703 545 791 legato
606 705 801 769 simul
861 727 1070 789 caesa3
1138 707 1209 769 in
1266 705 1478 770 Dacos
1540 705 1717 791 duas,
1773 705 2049 789 primam
2111 703 2323 790 Oppio
2387 703 2627 771 Sabino

327 812 649 876 consulari
716 833 1025 896 oppresso
1034 863 1051 896 ,
1118 812 1461 876 secundam
1518 811 1816 876 Cornelio
1871 811 2080 876 Fusco
2145 812 2472 894 praefecto
2530 834 2630 877 co-

324 915 615 983 hortium
677 918 1255 1002 praetorianarum,
1302 921 1407 985 cui
1460 919 1617 984 belli
1675 941 1989 985 summam
2047 920 2468 984 commiserat.
2553 918 2630 982 de

270 1049 297 1090 ⁵
328 1023 581 1090 Chattis
627 1026 949 1109 Dacisque
992 1031 1143 1110 post
1179 1026 1361 1091 uaria
1398 1025 1641 1110 proelia
1677 1025 2000 1110 duplicem
2035 1025 2438 1109 triumphum
2475 1026 2629 1111 egit,

332 1132 412 1195 de
458 1129 771 1198 Sarmatis
816 1133 1097 1198 lauream
1144 1132 1336 1199 modo
1386 1131 1752 1216 Capitolino
1798 1131 1941 1197 Ioui
1987 1131 2255 1197 rettulit.

509 1238 766 1302 Bellum
805 1239 995 1304 ciuile
1031 1243 1281 1304 motum
1318 1262 1357 1304 a
1392 1239 1462 1303 L.
1502 1237 1812 1324 Antonio,
1856 1240 2209 1323 superioris
2247 1237 2628 1304 Germaniae
2666 1256 2701 1304 2

331 1345 650 1431 praeside,
705 1345 982 1412 confecit
1027 1346 1257 1411 absens
1304 1345 1613 1412 felicitate
1660 1347 1841 1429 mira,
1897 1368 2042 1410 cum
2091 1348 2232 1431 ipsa
2279 1346 2632 1412 dimicatio-

329 1453 435 1517 nis
488 1452 649 1518 hora
701 1453 1027 1518 resolutus
1080 1458 1343 1537 repente
1390 1453 1654 1518 Rhenus
1711 1451 2096 1518 transituras
2143 1453 2224 1516 ad
2271 1451 2628 1519 Antonium

248 1584 305 1624 10
331 1561 551 1644 copias
613 1558 1032 1624 barbarorum
1097 1561 1504 1625 inhibuisset.
1606 1559 1684 1624 de
1748 1582 1878 1644 qua
1940 1560 2214 1625 uictoria
2277 1561 2629 1646 praesagiis

327 1669 508 1751 prius
569 1688 761 1751 quam
815 1667 1063 1732 nuntiis
1111 1669 1455 1753 comperit,
1510 1667 1829 1752 siquidem
1877 1668 2021 1752 ipso
2073 1689 2205 1751 quo
2253 1667 2626 1732 dimicatum

330 1779 469 1838 erat
514 1773 617 1838 die
662 1777 942 1838 statuam
990 1775 1127 1840 eius
1166 1775 1413 1840 Romae
1450 1775 1726 1861 insignis
1762 1773 1980 1858 aquila
2018 1773 2453 1858 circumplexa
2489 1773 2629 1858 pin-

328 1881 429 1946 nis
486 1879 820 1966 clangores
876 1881 1261 1946 laetissimos
1320 1880 1547 1964 edidit3
1601 1881 1924 1965 pauloque
1971 1884 2123 1964 post
2169 1881 2451 1945 occisum
2499 1879 2629 1943 An-

328 1988 583 2052 tonium
629 1987 785 2052 adeo
832 1988 1171 2074 uulgatum
1210 1991 1323 2071 est,
1369 1992 1443 2052 ut
1492 1991 1686 2077 caput
1733 2008 1988 2071 quoque
2037 1987 2449 2070 adportatum
2489 1988 2628 2053 eius

250 2117 301 2158 ιε
329 2093 569 2158 uidisse
616 2116 683 2159 se
728 2093 1019 2180 plerique
1065 2094 1541 2159 contenderent.

505 2200 715 2266 Multa
768 2203 961 2266 etiam
1017 2203 1088 2266 in
1134 2203 1457 2267 communi
1504 2222 1718 2266 rerum
1767 2224 1886 2266 usu
1933 2202 2234 2266 nouauit:
2293 2201 2617 2286 sportulas
2651 2197 2689 2262 7

326 2308 621 2392 publicas
686 2308 953 2372 sustulit
1015 2314 1317 2373 reuocata
1380 2311 1700 2373 rectarum
1767 2330 2065 2374 cenarum
2137 2308 2626 2391 consuetudine3

328 2414 483 2479 duas
540 2414 931 2480 circensibus
987 2436 1257 2500 gregum
1312 2415 1629 2479 factiones
1684 2416 1892 2480 aurati
1947 2416 2384 2500 purpureique
2428 2414 2627 2500 panni

327 2523 405 2586 ad
453 2527 761 2607 quattuor
794 2521 1102 2606 pristinas
1139 2521 1414 2606 addidit3
1460 2521 1794 2586 interdixit
1837 2521 2267 2587 histrionibus
2315 2541 2628 2605 scaenam,

242 2651 298 2692 zo
326 2627 496 2694 intra
544 2628 806 2693 domum
854 2628 1109 2713 quidem
1160 2628 1494 2693 exercendi
1539 2633 1745 2693 artem
1791 2628 1928 2692 iure
1977 2650 2313 2713 concesso;
2361 2629 2626 2695 castrari

324 2757 533 2801 mares
594 2737 828 2821 uetuit3
889 2736 1275 2821 spadonum,
1337 2737 1447 2820 qui
1501 2735 1741 2800 residui
1798 2735 1967 2820 apud
2025 2757 2378 2821 mangones
2426 2740 2627 2819 erant,

322 2983 642 3053 praefectus
678 2983 961 3052 praetorio
1000 2999 1128 3036 cum
1172 2983 1395 3053 magnis
1434 2981 1772 3036 exercitibus
1819 2982 1989 3036 occisi
2027 2983 2174 3038 sunt.
2260 2983 2444 3036 Victor
2475 2982 2623 3036 Caes.

323 3069 411 3130 11,
438 3068 474 3117 4
510 3063 677 3118 Dacis
715 3065 773 3117 et
810 3061 1099 3117 Cattorum
1144 3079 1312 3116 manu
1352 3062 1607 3116 deuictis.
1675 3063 1829 3131 Epir..
1861 3067 1948 3129 11,
1981 3067 2022 3117 2
2058 3061 2251 3116 Cattos
2293 3060 2626 3116 Germanos-

322 3161 433 3213 que
473 3142 703 3200 deuicit.
765 3145 834 3211 cf.
870 3144 1020 3197 Oros.
1062 3144 1184 3198 VII
1207 3149 1292 3206 10,
1324 3147 1357 3196 3
1394 3141 1609 3196 bellum
1655 3142 1954 3196 aduersum
2000 3142 2302 3198 Germanos
2351 3145 2409 3195 et
2443 3140 2624 3194 Dacos

321 3241 423 3293 per
460 3223 679 3294 legatos
715 3224 892 3293 gessit
919 3224 1041 3292 pari
1078 3223 1161 3278 rei
1197 3222 1457 3292 publicae
1484 3223 1750 3291 pernicie,
1789 3240 1916 3277 cum
1953 3225 2012 3276 et
2047 3223 2105 3276 in
2134 3222 2271 3276 urbe
2309 3221 2430 3290 ipse
2467 3237 2625 3275 sena-

321 3308 445 3359 tum
479 3304 863 3374 populumque
891 3303 1131 3358 laniaret
1166 3305 1223 3356 et
1259 3303 1395 3355 foris
1433 3302 1578 3356 male
1609 3303 2006 3356 circumactum
2045 3302 2348 3356 exercitum
2386 3300 2627 3354 adsidua

320 3385 512 3439 hostes
550 3385 722 3438 caede
769 3383 1120 3438 conficerent.
1196 3384 1319 3437 VII
1340 3388 1424 3449 10,
1454 3387 1489 3436 4
1527 3383 1631 3437 sub
1677 3383 1901 3436 nomine
1949 3385 2340 3451 superatorum
2377 3381 2624 3435 hostium

324 3465 394 3519 de
431 3465 693 3520 extinctis
729 3462 1046 3534 legionibus
1082 3463 1475 3533 triumphauit.

466 3550 497 3598 8
536 3545 712 3600 Schol.
740 3546 868 3598 qu.
900 3550 949 3610 4,
980 3549 1089 3599 112
1126 3544 1337 3598 Fuscus
1375 3543 1478 3597 sub
1508 3543 1828 3598 Domitiano
1867 3543 2138 3596 exercitui
2174 3542 2527 3611 praepositus
2564 3542 2625 3595 in

321 3625 498 3680 Dacia
532 3625 720 3693 periit.
867 3629 895 3676 7
935 3625 1006 3689 cf,
1034 3624 1195 3692 Epit.
1226 3630 1311 3689 11,
1342 3629 1379 3679 9
1414 3624 1503 3677 his
1551 3624 1671 3677 eius
1709 3623 1988 3690 saeuitiis,
2035 3638 2102 3676 ac
2139 3623 2380 3676 maxime
2417 3622 2624 3675 iniuria

322 3704 670 3773 uerborum,'
699 3721 810 3772 qua
856 3721 915 3758 se
953 3707 1199 3758 scortum
1236 3704 1429 3758 uocari
1467 3703 1721 3770 dolebat,
1759 3719 2024 3758 accensus
2063 3703 2370 3770 Antonine,
2423 3719 2623 3756 curans

322 3785 677 3840 Germaniam
706 3785 1064 3853 superiorem,
1093 3783 1394 3853 imperium
1425 3784 1712 3852 corripuit.
1777 3800 1888 3852 quo
1909 3799 2009 3852 per
2027 3782 2355 3836 Norbanum
2375 3783 2622 3851 Appium

321 3865 443 3919 acie
480 3867 655 3919 strato
694 3881 795 3933 eqs.

619 4005 747 4012 ——.-

466 4095 493 4142 1
535 4088 729 4142 cathos
762 4089 833 4141 M
834 4087 1007 4154 msa,
1038 4088 1255 4141 catthos
1291 4088 1453 4142 GPR
1481 4088 1687 4156 (Roth),
1717 4085 1937 4139 carthos
1959 4086 2027 4151 L,
2059 4085 2293 4139 cathdos
2329 4086 2380 4138 T
2403 4087 2621 4152 (sponte

318 4186 485 4238 usque
523 4167 703 4222 Dacos
750 4185 850 4222 om.
882 4169 1015 4238 ΠἾῼ
1052 4171 1346 4222 maerentes
1392 4165 1597 4221 Consul
1644 4174 1771 4220 ante
1809 4167 1975 4232 duas,
2024 4165 2248 4234 legione
2287 4181 2395 4234 pro
2431 4164 2620 4234 legato

320 4249 481 4318 11‘13)
698 4253 731 4301 5
769 4249 909 4302 catis
940 4249 1093 4314 MR,
1140 4248 1347 4301 catthis
1382 4247 1532 4313 611²,
1572 4248 1737 4301 cattis
1777 4247 1988 4316 PH¹Q,
2037 4245 2206 4298 cartis
2237 4247 2318 4312 L,
2356 4243 2535 4298 cathis
2565 4245 2620 4310 S,

319 4329 562 4384 cathdiis
598 4330 647 4383 Τ
680 4328 771 4398 (de
810 4329 964 4382 dacis
1003 4328 1295 4397 cathisque
1333 4330 1387 4398 ὃ)
1543 4333 1608 4380 10
1647 4328 1802 4396 prius
1838 4326 2112 4396 presagiis
2147 4328 2196 4378 Τ
2351 4331 2415 4377 11
2457 4325 2619 4377 dimi-

319 4409 565 4464 candum
590 4412 649 4461 X
791 4415 855 4462 12
892 4409 1034 4480 erat]
1074 4411 1159 4462 est
1202 4412 1250 4461 T
1408 4408 1607 4476 pennis
1637 4410 1746 4461 XT
1887 4413 1952 4460 15
1991 4405 2332 4475 sepelirique
2361 4409 2417 4458 X
2450 4407 2532 4473 (in
2569 4407 2621 4459 L

311 4490 595 4560 praecedit
618 4489 851 4557 indisce)
964 4489 1355 4542 contenderint
1384 4490 1615 4557 Bentley
1740 4493 1804 4540 16
1834 4488 1893 4540 in
1923 4502 2243 4540 communes
2273 4501 2459 4539 rerum
2488 4503 2619 4538 usus

322 4571 439 4624 XN
543 4574 608 4623 18
647 4585 876 4638 grecum
904 4571 975 4635 Ω,
1011 4586 1145 4624 corr.
1178 4569 1490 4623 Beroaldus
1615 4574 1680 4621 19
1719 4583 1919 4622 scaena
1957 4567 2226 4621 Heinsius

2083 4656 2187 4708 22*
