3259 5209
531 805 619 872 41

641 432 767 495 142
1330 429 1386 484 e.
1428 428 1743 483 svn'rom
1779 427 2227 494 TRANQvitm

639 594 971 680 egrediens
1017 615 1097 657 ne
1144 593 1289 678 quis
1335 615 1401 657 se
1448 591 1888 676 interpellaret
1935 592 2225 656 edixerat
2269 613 2344 655 ac
2379 594 2522 654 toto
2559 589 2792 653 itinere
2831 588 2940 652 ad-

639 700 850 764 euntis
899 699 1329 764 submouerat.

815 806 1169 894 Regressus
1225 807 1291 870 in
1348 806 1622 871 insulam
1677 806 1771 870 rei
1826 829 1885 890 p.
1937 805 2195 889 quidem
2253 825 2473 868 curam
2527 825 2730 887 usque
2777 802 2941 866 adeo

638 912 898 998 abiecit,
955 917 1027 977 ut
1081 918 1305 998 postea
1358 935 1489 977 non
1545 913 1834 978 decurias
1890 912 2181 996 equitum
2239 932 2546 995 umquam
2601 908 2944 994 supplerit,

636 1042 766 1085 non
814 1021 1111 1084 tribunos
1156 1019 1438 1084 militum
1492 1020 2005 1104 praefectosque,
2050 1040 2181 1082 non
2226 1017 2707 1103 prouinciarum
2755 1037 2936 1099 prae·
3005 1039 3038 1078 5

638 1127 805 1191 sides
850 1127 1020 1192 ullos
1064 1127 1434 1210 mutauerit,
1479 1125 1864 1210 Hispaniam
1902 1129 1966 1190 et
2004 1123 2260 1208 Syriam
2296 1145 2412 1208 per
2449 1123 2699 1206 aliquot
2735 1143 2942 1186 annos

638 1235 775 1298 sine
822 1233 1269 1298 consularibus
1313 1234 1546 1319 legatis
1592 1232 1912 1317 habuerit,
1957 1231 2334 1296 Armeniam
2373 1251 2411 1294 a
2455 1229 2715 1294 Parthis
2754 1249 2940 1292 occu-

636 1341 794 1426 pari,
832 1340 1143 1405 Moesiam
1182 1363 1220 1404 a
1247 1339 1439 1404 Dacis
1480 1338 1935 1423 Sarmatisque,
1976 1337 2218 1403 Gallias
2254 1360 2291 1401 a
2321 1336 2658 1401 Germanis
2695 1335 2940 1398 uastari

635 1447 1019 1533 neglexerit:
1080 1469 1315 1533 magno
1374 1447 1681 1510 dedecore
1743 1446 1999 1529 imperii
2057 1466 2176 1508 nec
2238 1444 2487 1508 minore
2548 1442 2938 1506 discrimine.

531 1551 621 1618 42
638 1558 919 1618 ceterum
984 1553 1213 1617 secreti
1276 1553 1605 1617 licentiam
1671 1555 1943 1616 nanctus
2008 1555 2072 1615 et
2136 1551 2320 1636 quasi
2385 1548 2669 1614 ciuitatis
2731 1547 2939 1612 oculis
2975 1572 3034 1610 ιο

639 1661 928 1744 remotiS,
976 1664 1205 1725 cuncta
1250 1660 1445 1724 simul
1491 1660 1654 1725 uitia
1699 1659 1866 1724 male
1902 1658 2015 1722 diu
2054 1657 2458 1722 dissimulata
2493 1656 2753 1734 tandem
2790 1676 2938 1739 pro—

636 1766 831 1832 fudit:
889 1767 965 1830 de
1022 1767 1257 1851 quibus
1312 1766 1695 1853 singillatim
1750 1765 1830 1829 ab
1887 1765 2150 1830 exordio
2209 1765 2500 1828 referam.
2594 1763 2660 1826 in
2709 1763 2937 1827 castris

637 1875 764 1938 tiro
812 1875 1005 1937 etiam
1062 1878 1201 1936 tum
1250 1877 1516 1958 propter
1569 1872 1837 1936 nimiam
1893 1873 2032 1936 uini
2077 1871 2455 1935 auiditatem
2503 1891 2622 1955 pro
2670 1869 2934 1933 Tiberio

636 1979 1025 2064 Biberius,
1062 2003 1179 2065 pro
1211 1979 1480 2043 Claudio
1511 1978 1852 2061 caldius,
1880 2000 2000 2062 pro
2029 1978 2288 2042 Nerone
2317 1976 2525 2040 Mero
2564 1975 2935 2041 uocabatur.

637 2093 861 2172 postea
906 2089 1207 2172 princeps
1263 2087 1329 2150 in
1384 2087 1526 2171 ipsa
1579 2086 1990 2171 publicorum
2046 2107 2300 2149 morum
2348 2084 2742 2148 correctione
2789 2105 2934 2147 cum
2970 2105 3026 2144 15

638 2193 997 2279 Pomponio
1036 2193 1265 2258 Flacco
1313 2199 1378 2258 et
1422 2193 1493 2258 L.
1530 2193 1766 2257 Pisone
1810 2197 2068 2256 noctem
2115 2193 2619 2274 continuumque
2662 2189 2934 2254 biduum

638 2301 956 2385 epulando
1004 2301 1414 2385 potandoque
1461 2300 1880 2383 consumpsit,
1928 2321 2202 2382 quorum
2255 2298 2441 2361 alteri
2489 2296 2740 2380 Syriam
2789 2318 2934 2380 pro—

638 2408 947 2492 uinciam,
1011 2407 1195 2472 alteri
1259 2407 1728 2491 praefecturam
1793 2406 1975 2470 urbis
2040 2405 2378 2470 confestim
2444 2403 2702 2488 detulit,
2765 2403 2934 2468 codi-

639 2513 809 2579 cillis
855 2535 1115 2597 quoque
1161 2514 1655 2577 iucundissimos
1704 2518 1769 2577 et
1814 2512 2102 2577 omnium
2147 2511 2456 2576 horarum
2501 2511 2744 2576 amicos
2788 2531 2934 2594 pro-

566 2629 571 2635 ”
639 2621 860 2684 fessus,
958 2619 1173 2684 Cestio
1224 2619 1523 2704 Gall[i]0,
1577 2619 1925 2684 libidinoso
1982 2640 2057 2682 ac
2102 2618 2378 2704 prodigo
2425 2619 2590 2702 seni,
2646 2616 2802 2682 olim
2849 2617 2931 2681 ab
2963 2635 3022 2674 ιο

637 2727 936 2814 Augusto
987 2727 1345 2814 ignominia
1388 2731 1613 2791 notato
1663 2731 1728 2790 et
1773 2749 1810 2790 a
1855 2748 1922 2790 se
1968 2731 2115 2790 ante
2162 2745 2400 2809 paucos
2439 2725 2572 2788 dies
2620 2723 2792 2807 apud
2839 2745 2930 2787 se-

637 2839 862 2898 natum
910 2833 1226 2919 increpito
1276 2855 1495 2898 cenam
1544 2856 1617 2897 ea
1662 2834 1805 2918 lege
1852 2833 2166 2914 condixit,
2213 2853 2293 2895 ne
2340 2831 2496 2914 quid
2543 2853 2622 2894 ex
2669 2852 2929 2895 consue-

637 2942 859 3006 tudine
908 2942 1281 3005 immutaret
1326 2945 1436 3005 aut
1482 2941 1764 3004 demeret
1811 2945 2010 3023 utque
2055 2938 2246 3002 nudis
2284 2937 2518 3023 puellis
2566 2938 2932 3002 ministran-

636 3050 811 3114 tibus
850 3053 1199 3113 cenaretur.
1282 3046 1764 3133 ignotissimum
1804 3051 2182 3129 quaesturae
2222 3045 2632 3109 candidatum
2667 3043 2932 3108 nobilis-

638 3156 815 3220 simis
880 3155 1248 3239 anteposuit
1303 3154 1385 3217 ob
1442 3157 1700 3237 epotam
1747 3154 1817 3217 in
1872 3153 2173 3217 conuiuio
2231 3152 2615 3236 propinante
2671 3173 2739 3215 se
2793 3150 2931 3214 uini
2957 3169 3016 3209 8⁵

636 3262 1030 3345 amphoram.
1144 3260 1390 3324 Asellio
1456 3258 1696 3323 Sabino
1770 3260 2066 3323 sestertia
2139 3259 2413 3323 ducenta
2478 3257 2744 3322 donauit
2807 3278 2926 3341 pro

782 3487 809 3533 7
852 3481 1007 3550 Epit.
1036 3485 1090 3546 2,
1112 3485 1147 3534 9
1172 3479 1433 3533 resolutis
1471 3479 1713 3533 militiae
1751 3478 1968 3532 artibus
2007 3479 2274 3532 Armenia
2301 3495 2402 3547 per
2429 3475 2684 3544 Parthos,
2713 3475 2930 3530 Moesia

639 3579 673 3616 a
718 3561 912 3625 DaciS,
964 3561 1255 3613 Pannonia
1302 3578 1335 3613 a
1382 3559 1676 3625 Sarmatis,
1735 3558 1923 3612 Gallia
1970 3574 2004 3612 a
2050 3558 2304 3612 finitimis
2359 3557 2624 3626 gentibus
2671 3557 2928 3625 direptae

638 3644 768 3696 sunt
807 3644 896 3709 (cf.
940 3643 1122 3695 Victo-r
1160 3641 1308 3695 Caes.
1339 3644 1393 3706 2,
1415 3643 1485 3706 3).
1709 3645 1773 3692 10
1810 3640 1880 3704 cf.
1924 3639 2107 3693 Victor
2146 3640 2294 3694 Caes.
2324 3643 2388 3702 2,
2414 3641 2454 3691 2
2499 3637 2635 3690 dum
2669 3635 2836 3690 urbes
2873 3639 2933 3688 et

637 3725 943 3776 conuentus
1000 3723 1331 3786 exsecratur,
1390 3720 1629 3789 Caprea-s
1685 3717 1928 3772 insulam
1974 3720 2330 3787 quaesiuerat
2375 3717 2609 3786 flagitiis
2657 3715 2930 3770 obtentui.

639 3808 704 3854 13
743 3803 898 3871 Epit.
928 3806 984 3867 2,
1010 3805 1049 3855 2
1095 3801 1227 3868 iste,
1266 3800 1401 3868 quia
1439 3799 1706 3853 Claudius
1745 3799 2000 3852 Tiberius
2037 3797 2185 3852 Nero
2225 3797 2532 3862 dicebatur,
2569 3795 2858 3867 eleganter
2895 3812 2932 3848 a

634 3881 977 3936 iocularibus
1016 3881 1243 3936 Caldius
1284 3879 1538 3933 Biberius
1578 3879 1730 3933 Mero
1769 3879 1840 3932 ob
1877 3877 2246 3932 uinolentiam
2285 3877 2607 3931 nominatus
2645 3879 2747 3930 est.

780 4085 807 4133 1
857 4077 957 4148 qui
994 4077 1321 4146 VL²P11¹Q
1359 4077 1545 4145 (Roth)
1701 4076 1792 4146 ac]
1831 4091 1866 4128 a
1905 4075 1956 4127 V
2098 4079 2162 4128 10
2201 4073 2406 4127 osculis
2439 4073 2489 4127 Gr
2650 4078 2714 4126 11
2751 4089 2929 4125 remo-

634 4160 708 4213 tis
741 4161 814 4214 M
824 4159 943 4214 GX
946 4158 980 4225 ',
1024 4160 1269 4211 remotus
1312 4160 1360 4210 Τ
1403 4165 1452 4210 et
1496 4157 1608 4222 fere
1645 4156 1844 4230 edd.»
1957 4159 2021 4208 12
2062 4153 2391 4223 singulatim
2432 4153 2482 4207 G
2673 4158 2740 4205 15
2777 4149 2930 4219 prin-

636 4240 788 4309 cipes
812 4240 907 4294 211¹
1016 4238 1361 4306 correptione
1386 4239 1478 4292 ΤΒ
1585 4241 1649 4288 16
1680 4235 1940 4305 pompeio
1971 4237 2228 4304 (pompeo
2251 4235 2325 4304 R)
2352 4234 2562 4303 QRSN
2667 4237 2732 4285 18
2763 4231 2929 4285 alteri

634 4338 733 4374 om.
762 4320 808 4372 V
984 4324 1051 4372 20
1090 4317 1273 4372 Cestio
1304 4319 1473 4382 Roth,
1522 4316 1691 4370 sestio
1731 4314 1981 4384 (sestigio
2003 4315 2065 4381 V,
2106 4315 2282 4367 sextio
2328 4315 2399 4383 T)
2422 4316 2473 4366 ,Ω
2659 4311 2822 4366 Gallo
2857 4311 2929 4366 1⁷²

636 4402 864 4468 (Tem),
902 4398 1076 4468 gallio
1122 4401 1192 4452 M
1202 4399 1251 4452 G·
1266 4399 1445 4463 VRe,
1492 4396 1685 4466 gaulio
1726 4396 1913 4462 LPS,
1951 4393 2182 4464 gauim'o
2227 4395 2297 4460 T,
2347 4393 2570 4447 claudio
2609 4393 2729 4462 HQ
2764 4399 2813 4446 et
2849 4392 2932 4446 eie

625 4498 731 4550 pro
778 4498 832 4532 u.
872 4481 905 4533 l.
944 4496 1013 4533 88.
1061 4481 1122 4532 in
1163 4481 1241 4544 R,
1288 4494 1461 4547 gauro
1502 4479 1568 4532 N
1751 4481 1818 4528 22
1857 4493 1922 4529 ea
1960 4492 2059 4529 om.
2104 4475 2152 4529 G
2346 4481 2412 4527 24
2452 4477 2716 4543 questura
2751 4473 2822 4536 G,
2868 4471 2930 4524 in

635 4563 899 4628 questura
920 4560 985 4612 N
