3259 5209
603 435 734 498 252
1307 434 1362 489 C.
1405 434 1721 489 SVETONI
1756 433 2199 498 TRANQVILLI

605 597 936 662 iocabatur
983 598 1314 681 multaque
1361 598 1614 661 decreta
1662 601 1725 660 et
1772 598 2138 680 constituta,
2187 601 2259 660 ut
2306 596 2673 680 insipientis
2712 601 2903 679 atque

605 704 818 789 deliri,
887 727 1004 789 pro
1076 704 1276 768 irritis
1346 704 1604 788 habuit3
1672 704 1945 787 denique
2010 703 2271 767 bustum
2344 703 2480 767 eius
2543 704 2904 787 consaepiri

605 811 726 874 nisi
775 810 1006 875 humili
1053 811 1310 894 leuique
1357 811 1632 875 maceria
1676 810 1978 895 neglexit.

532 933 563 979 2
780 916 1222 982 Britannicum
1265 941 1394 982 non
1430 918 1645 981 minus
1676 918 2101 982 aemulatione
2132 918 2327 1002 uocis,
2366 938 2529 1001 quae
2558 916 2655 981 illi
2685 919 2905 980 iucun-

605 1023 748 1088 dior
809 1024 1220 1108 suppetebat,
1283 1046 1476 1107 quam
1535 1028 1712 1088 metu
1767 1046 1846 1087 ne
1903 1024 2285 1107 quandoque
2344 1023 2511 1107 apud
2565 1023 2903 1086 hominum
2964 1049 2987 1088 5

603 1131 878 1216 gratiam
935 1136 1201 1215 paterna
1257 1132 1570 1194 memoria
1625 1133 2049 1214 praeualeret,
2106 1152 2354 1195 ueneno
2403 1131 2748 1216 adgressus
2794 1136 2909 1194 est.

604 1236 778 1320 quod
825 1242 1156 1322 acceptum
1205 1261 1242 1301 a
1289 1237 1561 1320 quadam
1609 1237 1909 1320 Lucusta,
1956 1239 2445 1302 uenenariorum
2488 1236 2715 1320 indice,
2762 1258 2909 1300 cum

605 1345 909 1427 opinione
955 1345 1204 1408 tardius
1251 1344 1501 1408 cederet
1548 1349 1771 1409 uentre
1816 1345 2009 1408 modo
2057 1343 2415 1408 Britannici
2461 1347 2660 1427 mot0,
2706 1365 2911 1406 arces-

603 1451 791 1514 sitam
858 1451 1192 1515 mulierem
1265 1473 1379 1515 sua
1441 1473 1639 1515 manu
1704 1451 2069 1515 uerberauit
2134 1473 2406 1536 arguens
2470 1471 2589 1534 pro
2654 1471 2907 1513 ueneno

601 1558 957 1621 remedium
1005 1557 1278 1642 dedisse3
1327 1559 1783 1641 excusantique
1831 1559 2043 1621 minus
2084 1557 2303 1621 datum
2343 1557 2419 1619 ad
2461 1557 2905 1620 occultandam
2940 1581 2993 1620 ιο

602 1664 906 1728 facinoris
976 1665 1315 1728 inuidiam:
1393 1686 1598 1746 sane,
1676 1665 1913 1748 inquit,
1987 1663 2232 1750 legem
2298 1663 2575 1728 Iuliam
2642 1663 2907 1742 timeo,

605 1771 942 1857 coegitque
993 1793 1059 1834 se
1107 1793 1319 1834 coram
1368 1773 1438 1834 in
1481 1770 1776 1836 cubiculo
1817 1793 2009 1854 quam
2046 1775 2267 1853 posset
2303 1770 2783 1849 uelocissimum
2833 1793 2909 1834 ac

533 1892 564 1937 3
602 1882 1130 1960 praesentaneum
1178 1899 1466 1960 coquere.
1543 1877 1771 1941 deinde
1819 1879 1885 1940 in
1933 1877 2137 1941 haedo
2187 1882 2513 1962 expertus,
2559 1882 2907 1961 postquam

603 1985 658 2046 is
707 1985 990 2068 quinque
1037 1985 1230 2048 horas
1279 1984 1618 2068 protraxit,
1666 1985 1901 2048 iterum
1958 2005 2031 2048 ac
2088 1984 2340 2066 saepius
2385 1988 2711 2048 recoctum
2759 2006 2905 2068 por-

604 2090 766 2155 cello
816 2091 1077 2175 obiecit3
1125 2113 1253 2174 quo
1307 2092 1524 2155 statim
1575 2091 1940 2154 exanimato
1981 2091 2203 2154 inferri
2241 2091 2309 2154 in
2345 2091 2699 2155 triclinium
2741 2091 2905 2154 dari·
2940 2113 2993 2154 ιε

605 2220 729 2280 que
778 2198 1030 2262 cenanti
1081 2219 1294 2261 secum
1332 2197 1713 2262 Britannico
1764 2198 2121 2281 imperauit.
2197 2202 2260 2261 et
2307 2219 2451 2260 cum
2500 2197 2610 2261 ille
2656 2196 2736 2260 ad
2776 2199 2905 2280 pri-

603 2327 780 2368 mum
843 2309 1104 2389 gustum
1172 2304 1578 2388 concidisset,
1647 2305 1954 2368 comitiali
2016 2305 2242 2368 morbo
2303 2327 2383 2367 ex
2444 2305 2905 2368 consuetudine

610 2414 974 2494 correptum
1025 2410 1195 2493 apud
1243 2413 1549 2475 conuiuas
1597 2412 1942 2475 ementitus
1990 2415 2247 2494 postero
2307 2411 2407 2474 die
2451 2411 2687 2494 raptim
2737 2413 2909 2475 inter

607 2518 921 2580 maximos
952 2517 1187 2582 imbres
1225 2518 1545 2582 tralaticio
1577 2518 1809 2581 extulit
1838 2518 2077 2581 funere.
2152 2516 2472 2582 Lucustae
2510 2539 2629 2602 pro
2667 2522 2905 2581 nauata

607 2645 801 2706 opera
848 2625 1300 2708 impunitatem
1348 2625 1734 2708 praediaque
1782 2625 2012 2708 ampla,
2060 2624 2168 2687 sed
2217 2628 2281 2687 et
2320 2623 2670 2707 discipulos
2711 2623 2902 2687 dedit.
2934 2647 2992 2687 20

508 2722 600 2788 34
785 2730 1058 2794 Matrem
1105 2731 1276 2795 facta
1323 2732 1622 2814 dictaque
1668 2753 1783 2794 sua
1830 2732 2268 2813 exquirentem
2320 2731 2610 2795 acerbius
2658 2735 2722 2794 et
2769 2752 2903 2794 cor-

603 2837 922 2922 rigentem
983 2837 1290 2901 hactenus
1350 2839 1562 2920 primo
1623 2837 2044 2923 grauabatur,
2114 2842 2187 2900 ut
2246 2837 2493 2900 inuidia
2552 2837 2897 2901 identidem

605 2949 898 3008 oneraret
954 2946 1137 3027 quasi
1196 2966 1492 3009 cessurus
1548 2945 1820 3028 imperio
1876 2943 2309 3027 Rhodumque
2365 2945 2686 3025 abituruS,
2751 2966 2900 3007 mox

605 3053 669 3112 et
713 3050 959 3114 honore
1008 3052 1183 3116 omni
1243 3056 1308 3115 et
1351 3055 1673 3136 potestate
1721 3051 2006 3134 priuauit
2060 3050 2461 3134 abductaque
2507 3050 2789 3115 militum
2838 3055 2901 3113 et

605 3155 1067 3221 Germanorum
1119 3159 1394 3222 statione
1443 3157 1865 3221 contubernio
1914 3179 2170 3240 quoque
2218 3180 2289 3221 ac
2327 3157 2577 3221 Palatio
2626 3158 2901 3242 expulit-3
2932 3179 2985 3218 τε.

601 3285 807 3346 neque
855 3266 921 3328 in
969 3265 1325 3328 diuexanda
1372 3266 1715 3347 quicquam
1762 3265 1947 3346 pensi
1993 3264 2241 3346 habuit,
2288 3264 2647 3328 summissis
2688 3265 2797 3347 qui
2838 3270 2901 3328 et

601 3369 845 3433 Romae
892 3375 1246 3434 morantem
1305 3370 1529 3434 litibus
1578 3376 1640 3434 et
1689 3373 1755 3434 in
1814 3393 2064 3435 secessu
2114 3372 2543 3454 quiescentem
2592 3394 2709 3455 per
2756 3393 2900 3436 con-

749 3542 913 3604 7sqq.
953 3538 1021 3600 (τ’.
1067 3539 1234 3590 Schol.
1275 3539 1403 3590 Iun..
1439 3543 1486 3602 1,
1511 3541 1575 3589 71

748 3683 773 3729 1
817 3680 1011 3748 atque]
1053 3679 1109 3730 et
1141 3678 1192 3731 G
1320 3684 1349 3729 2
1392 3677 1564 3731 deleri
1598 3681 1703 3733 Μδ
1735 3681 1832 3745 (sic
1860 3679 2045 3732 Saea?
2084 3681 2151 3745 cf.
2195 3681 2347 3748 Vesp.
2370 3683 2421 3745 5,
2440 3682 2497 3748 2)
2608 3680 2899 3748 consepire

603 3759 834 3827 Bentley
1017 3765 1047 3810 3
1085 3757 1330 3811 maceria
1372 3759 1669 3812 Gutherius
1706 3760 2061 3826 (Ree'nesius),
2108 3759 2349 3812 materia
2378 3762 2429 3810 Ω
2611 3765 2639 3811 7
2680 3759 2900 3812 locusta

606 3837 863 3905 QLP¹T
891 3839 1033 3906 (ite-m
1067 3841 1098 3892 l.
1131 3842 1222 3906 19)
1349 3840 1674 3890 ueneiorum
1704 3838 1898 3890 inclite
1935 3841 1984 3892 Τ
1978 3881 1995 3904 ‚
2033 3839 2459 3892 uenenariorum
2499 3842 2704 3906 (-arum
2738 3841 2900 3908 Oud.)

603 3915 817 3983 inclyta
857 3935 915 3983 ς,
967 3935 1309 3972 uenenorum
1359 3921 1717 3983 (uenenorum
1768 3937 1791 3971 ε
1841 3926 1964 3972 teste
2006 3919 2465 3986 Preud'hommio)
2512 3918 2699 3971 indice
2732 3920 2899 3986 Gnje-

602 4003 714 4062 tus,
762 4014 1102 4050 uenenorum
1141 3998 1451 4050 uenditrice
1493 3999 1724 4051 (artifice
1765 3999 1829 4050 P.
1867 3999 2115 4067 Thomas)
2155 4001 2243 4052 uel
2281 3997 2584 4051 uenenaria
2622 3997 2899 4052 institrice

603 4077 897 4143 Heinsius,
953 4079 1378 4131 uenenariorum
1426 4077 1681 4146 principe
1732 4079 1811 4130 W.
1832 4079 1902 4130 H.
1920 4079 2178 4144 Rosa-her,
2233 4095 2573 4132 uenenorum
2626 4079 2897 4132 rariorum

604 4157 904 4223 (uariorum
954 4175 1046 4228 eqo
1087 4159 1271 4212 Herm.
1305 4163 1376 4212 36·
1403 4176 1461 4226 p.
1492 4162 1624 4212 296)
1674 4157 1857 4209 indice
1900 4160 2135 4230 Diade-59
2350 4165 2382 4210 8
2422 4158 2721 4212 acersitam
2760 4161 2897 4226 MT,

603 4253 813 4290 accers-
847 4240 1008 4293 GPT
1177 4243 1241 4291 10
1279 4239 1462 4290 minus
1503 4237 1750 4308 <uelox>
1779 4239 2049 4291 Iernstedt
2225 4245 2287 4290 19
2326 4241 2539 4292 nouatu
2570 4239 2717 4307 11¹9,
2754 4257 2901 4292 noua

603 4316 664 4370 tfi
696 4319 838 4373 H²R
956 4325 1023 4371 20
1061 4319 1422 4387 praemiaque
1439 4319 1670 4386 Bentley
1693 4319 1780 4386 (cf.
1803 4320 1868 4372 P.
1892 4321 1955 4372 de
1985 4319 2311 4385 Winterfeld
2329 4319 2499 4372 sched.
2521 4321 2637 4373 wit.
2652 4337 2711 4387 p.
2734 4323 2827 4386 33)

603 4399 910 4466 discipulas
953 4399 1276 4463 Winterfeld
1422 4404 1485 4450 21
1529 4397 1683 4450 dicta
1720 4397 1983 4466 factaque
2018 4399 2084 4452 N
2090 4417 2121 4458 ς
2165 4401 2357 4470 (aalq.)
2504 4399 2898 4468 corripientem

603 4481 835 4548 Bentley
874 4481 1063 4548 (Boot,
1102 4479 1297 4545 Polalc)
1479 4483 1545 4530 26
1585 4476 1644 4529 in
1685 4478 2015 4531 deuexanda
2044 4481 2173 4544 XN,
2212 4479 2341 4531 inde
2382 4479 2637 4533 uexando
2666 4481 2899 4550 Bentley

603 4563 669 4611 27
709 4562 765 4612 et
803 4561 1022 4611 incessu
1055 4560 1216 4612 MGe
