3259 5209
598 394 687 458 40
1302 392 1358 446 C.
1401 392 1716 446 SVETONI
1753 390 2198 456 TRANQVILLI

600 556 1069 621 dictaturam
1109 554 1573 640 deposuerit.
1628 555 1904 619 debere
1941 554 2293 619 homines
2332 551 2904 617 consideratius

601 664 747 726 iam
801 662 1019 747 loqui
1072 682 1327 726 secum
1382 682 1466 725 ac
1528 683 1666 746 pro
1721 662 2032 748 legibus
2087 660 2370 725 habere
2433 680 2622 744 quae
2681 658 2903 723 dicat.

602 791 805 853 eoque
832 769 1242 855 arrogantiae
1267 790 1646 855 progressus
1673 773 1788 851 est,
1810 773 1883 832 ut
1909 767 2248 853 haruspice
2277 767 2491 831 tristia
2519 769 2585 829 et
2608 765 2746 829 sine
2771 787 2903 829 cor-

602 876 679 939 de
708 880 859 939 exta
876 875 1199 959 quondam
1228 876 1567 940 nuntiante
1600 874 1868 939 futura
1897 875 2136 939 diceret
2162 874 2523 956 laetiora,
2554 894 2720 937 cum
2749 872 2905 935 uel—

600 983 735 1047 let:
762 1004 899 1047 nec
926 1004 1062 1067 pro
1092 987 1402 1048 ostento
1441 982 1888 1064 ducendum,
1927 982 1991 1045 si
2027 982 2302 1066 pecudi
2339 1002 2467 1046 cor
2505 978 2906 1043 defuisset.
2965 1004 2993 1042 s

500 1089 536 1152 7
546 1088 588 1153 8
778 1088 1023 1153 Verum
1061 1089 1471 1174 praecipuam
1507 1093 1572 1153 et
1618 1088 2012 1153 exitiabilem
2059 1088 2185 1153 sibi
2229 1086 2540 1151 inuidiam
2577 1086 2731 1149 hinc
2775 1108 2909 1149 ma-

600 1197 773 1261 xime
818 1197 1042 1261 mouit.
1118 1196 1413 1261 adeuntis
1455 1217 1525 1260 se
1572 1217 1718 1260 cum
1763 1196 2062 1280 plurimis
2106 1192 2908 1275 honorificentissimisque

603 1302 876 1367 decretis
922 1303 1259 1367 uniuersos
1304 1306 1521 1386 patres
1567 1302 1967 1386 conscriptos
2013 1300 2239 1365 sedens
2285 1323 2402 1385 pro
2453 1301 2604 1365 aede
2635 1300 2910 1363 Veneris

605 1408 961 1475 Genetricis
1000 1410 1268 1493 excepit.
1342 1408 1603 1493 quidam
1641 1413 1876 1493 putant
1913 1413 2233 1473 retentum
2271 1431 2310 1471 a
2341 1406 2640 1472 Cornelio
2678 1406 2908 1489 Balbo,

603 1539 747 1581 cum
808 1521 1150 1582 conaretur
1202 1538 1563 1601 assurgere3
1628 1516 1758 1597 alii,
1811 1538 1893 1579 ne
1949 1521 2251 1579 conatum
2310 1514 2568 1599 quidem
2625 1513 2910 1595 omnino,
2939 1538 2996 1575 ιο

602 1622 715 1687 sed
759 1623 953 1687 etiam
1000 1622 1450 1687 admonentem
1500 1622 1732 1687 Gaium
1770 1622 2144 1687 Trebatium
2182 1626 2255 1685 ut
2291 1626 2656 1706 assurgeret
2693 1620 2910 1683 minus

533 1746 563 1791 2
603 1730 906 1794 familiari
952 1729 1140 1794 uultu
1187 1730 1560 1813 respexisse.
1642 1729 1836 1813 idque
1881 1730 2126 1794 factum
2181 1729 2316 1793 eius
2376 1731 2557 1791 tanto
2605 1727 2910 1791 intolera-

605 1837 801 1901 bilius
847 1840 947 1899 est
981 1828 1213 1919 uisum,
1260 1836 1435 1920 quod
1479 1837 1617 1920 ipse
1657 1836 2084 1920 triumphanti
2123 1839 2190 1899 et
2225 1834 2532 1899 subsellia
2557 1832 2910 1899 tribunicia

605 1944 1123 2027 praeteruehenti
1178 1944 1305 2008 sibi
1360 1966 1560 2009 unum
1620 1966 1654 2007 e
1712 1944 1984 2029 collegio
2045 1943 2352 2007 Pontium
2409 1940 2715 2025 Aquilam
2773 1960 2910 2003 non

605 2050 1031 2115 assurrexisse
1098 2051 1254 2115 adeo
1315 2050 1688 2137 indignatus
1749 2052 1860 2133 sit,
1924 2054 1998 2113 ut
2056 2049 2578 2134 proclamauerit:
2641 2050 2909 2131 repete
2941 2072 2992 2109 15

606 2178 789 2241 ergo
828 2180 866 2219 a
904 2178 1015 2220 me
1060 2154 1345 2239 Aquila
1390 2178 1541 2221 rem
1588 2155 1980 2241 publicam
2027 2156 2415 2220 tribunus!
2463 2160 2530 2218 et
2563 2175 2682 2218 nec
2719 2154 2913 2217 desti-

606 2262 760 2325 terit
821 2283 939 2345 per
1004 2263 1345 2327 continuos
1420 2262 1554 2327 dies
1620 2264 1965 2347 quicquam
2037 2264 2342 2346 cuiquam
2417 2262 2542 2325 nisi
2617 2260 2736 2325 sub
2805 2284 2912 2325 ex-

607 2368 902 2453 ceptione
958 2370 1281 2453 polliceri:
1344 2370 1408 2433 si
1473 2375 1727 2435 tamen
1785 2392 1919 2454 per
1977 2368 2336 2434 Pontium
2398 2367 2756 2453 Aquilam
2816 2369 2910 2432 li-

506 2472 869 2539 79cuerit.
977 2476 1211 2541 adiecit
1275 2476 1355 2540 ad
1418 2481 1553 2541 tam
1618 2477 1938 2563 insignem
2005 2476 2288 2560 despecti
2361 2480 2622 2539 senatus
2687 2481 2910 2540 contu-

606 2582 863 2646 meliam
928 2583 1135 2647 multo
1200 2584 1609 2670 arrogantius
1674 2583 1934 2647 factum.
2033 2605 2183 2647 nam
2249 2604 2394 2646 cum
2461 2582 2528 2645 in
2593 2581 2910 2647 sacrificio
2939 2602 2994 2641 ευ

606 2687 983 2753 Latinarum
1046 2695 1411 2754 reuertente
1476 2712 1551 2754 eo
1612 2690 1781 2753 inter
1850 2690 2204 2754 inmodicas
2277 2710 2350 2752 ac
2411 2710 2614 2753 nouas
2679 2686 2910 2772 populi

609 2795 1098 2860 acclamationes
1146 2797 1405 2881 quidam
1454 2818 1487 2860 e
1534 2796 1727 2861 turba
1782 2802 2032 2860 statuae
2090 2796 2226 2859 eius
2273 2816 2576 2859 coronam
2623 2794 2910 2858 lauream

609 2903 876 2967 candida
920 2902 1119 2967 fascia
1163 2904 1521 2989 praeligata
1566 2904 1957 2987 inposuisset
2004 2907 2067 2966 et
2106 2903 2350 2967 tribuni
2388 2902 2598 2985 plebis
2633 2900 2910 2985 Epidius

607 3010 923 3074 Marullus
973 3008 1428 3093 Caesetiusque
1474 3010 1712 3073 Flauus
1769 3032 2042 3074 coronae
2097 3008 2363 3073 fasciam
2410 3007 2660 3072 detrahi
2706 3007 2911 3071 homi-

607 3138 881 3199 nemque
943 3115 1088 3180 duci
1149 3119 1215 3180 in
1276 3118 1535 3181 uincula
1596 3118 1962 3200 iussissent,
2024 3115 2246 3180 dolens
2308 3138 2418 3179 seu
2479 3137 2708 3198 parum
2765 3136 2910 3198 pro·
2939 3134 2991 3173 ετ»

610 3244 793 3305 spere
838 3228 1079 3287 motam
1136 3225 1321 3308 regni
1366 3224 1758 3288 mentionem
1805 3225 1968 3307 siue,
2014 3228 2087 3287 ut
2132 3222 2405 3304 ferebat,
2451 3226 2736 3305 ereptam
2785 3220 2908 3285 sibi

610 3328 883 3414 gloriam
932 3330 1291 3413 recusandi,
1348 3331 1645 3395 tribunos
1692 3330 1978 3416 grauiter
2022 3329 2372 3412 increpitos
2417 3333 2737 3413 potestate
2783 3327 2910 3411 pri—

541 3448 571 3493 2
612 3436 809 3498 uauit.
892 3457 1099 3517 neque
1156 3458 1233 3499 ex
1289 3458 1363 3499 eo
1421 3437 1752 3501 infamiam
1810 3438 2092 3501 affectati
2152 3438 2344 3500 etiam
2407 3436 2567 3520 regii
2628 3434 2909 3498 nominis

754 3626 784 3671 3
824 3621 1087 3688 Polyaen.
1132 3622 1285 3674 VIJJ
1316 3626 1417 3687 23,
1449 3626 1521 3674 32
1572 3626 1788 3687 Καῖσαρ
1839 3629 1939 3674 τοῦ
1988 3622 2172 3674 θύτου
2217 3619 2475 3687 λέγοντος
2528 3616 2792 3672 ‘o’moclo'toe
2836 3619 2908 3671 τὰ

611 3698 756 3764 ἱερὰ’
798 3702 893 3753 καὶ
931 3700 1039 3767 μὴν
1078 3698 1285 3769 ἀμείνω
1327 3702 1433 3770 ἔφη
1474 3703 1840 3770 γενήσεσθαι,
1881 3701 2111 3755 ἐπειδὰν
2152 3701 2321 3761 αὐτὸς
2360 3699 2612 3769 ἐθελήσῃ.
2761 3706 2792 3751 5
2829 3699 2906 3751 id.

626 3780 774 3833 VIII
808 3784 901 3844 23,
930 3784 1001 3832 33
1040 3784 1259 3847 Καῖσαρ
1298 3772 1870 3849 ἀκαρδίουᾞύματος
1919 3780 2250 3847 εὑρεθέντος
2290 3781 2408 3833 (καὶ
2445 3778 2498 3833 τί
2535 3778 2907 3845 παράδοξον’,

613 3859 737 3926 ἔφη.
780 3860 851 3912 ἐἰ
890 3859 1093 3927 ἄλογον
1132 3866 1271 3929 ζῷον
1310 3859 1550 3929 καρδίαν
1591 3863 1694 3915 οὐκ
1734 3863 1889 3930 ἔχῃς’

755 4044 785 4091 3
825 4038 1061 4092 tristitia
1111 4040 1301 4108 VQ1‘1'
1439 4048 1470 4093 4
1519 4044 1649 4093 exta
1700 4044 1766 4094 M
1783 4041 1904 4103 1⁷1„
1964 4044 2159 4093 exacta
2211 4040 2449 4103 GP¹0¹‚
2505 4040 2704 4090 exacta
2751 4053 2913 4089 sacra

622 4119 847 4173 Y'P202
994 4127 1024 4173 ὃ
1064 4136 1159 4173 cor
1204 4120 1406 4188 pecudi
1450 4122 1500 4175 G
1647 4128 1677 4173 6
1717 4121 2118 4189 inexpiabilem
2165 4124 2211 4172 Τ
2353 4128 2383 4171 8
2423 4119 2646 4188 sedens]
2686 4117 2816 4170 sede
2861 4117 2912 4169 G

614 4208 643 4251 9
666 4201 879 4268 escepit
904 4201 1013 4264 311,
1044 4200 1291 4268 suscepit
1313 4200 1379 4252 M
1389 4202 1463 4254 ²6*
1616 4210 1675 4254 11
1705 4204 1768 4253 ut
1798 4203 2114 4269 assurgeret
2144 4202 2242 4253 del.
2267 4200 2441 4253 Polalc
2591 4205 2654 4250 15
2693 4198 2914 4265 repetet

612 4288 658 4333 el
689 4288 801 4334 tum
826 4282 924 4333 del.
948 4281 1205 4333 tribunus
1230 4284 1372 4335 Boot
1482 4288 1547 4333 16
1570 4284 1627 4334 et
1655 4284 1779 4352 nec]
1801 4299 1902 4334 nec
1917 4283 2148 4349 Bentley
2171 4282 2262 4341 al„
2283 4284 2340 4331 et
2361 4278 2912 4349 (>necB1'ichele³·

605 4364 1004 4428 proclamantis
1040 4363 1204 4415 uerba
1244 4380 1354 4415 non·
1387 4365 1555 4430 plena
1585 4380 1693 4415 esse
1731 4370 1884 4415 ratus
1927 4386 1930 4389 ·
2015 4367 2074 4413 17
2111 4361 2394 4428 cuiquam]
2421 4360 2509 4411 cui
2535 4360 2585 4411 V
2707 4364 2770 4409 21
2807 4357 2910 4409 im-

613 4441 862 4493 modicas
894 4444 1097 4495 (iinod—
1124 4445 1250 4499 HR)
1282 4446 1348 4504 Y,
1388 4443 1635 4495 modicas
1671 4442 1868 4496 MGX'
2020 4448 2086 4493 23
2126 4441 2442 4509 praeligata
2475 4441 2569 4504 M,
2617 4440 2760 4491 —tam
2797 4437 2914 4501 rel„

612 4524 737 4585 sort.
781 4524 977 4575 rectius
1121 4530 1187 4574 24
1228 4523 1428 4575 flauius
1473 4524 1537 4575 M
1555 4526 1601 4577 G
1751 4530 1817 4574 26
1857 4525 1919 4573 ut
1957 4523 2232 4575 referebat
2277 4525 2324 4573 Τ
