3259 5209
1124 472 1579 528 DOMITIANVS
1618 484 1750 534 [car.
1781 485 1956 535 11—18]
2559 473 2694 540 345

392 643 575 704 actus
622 642 745 724 est3
792 639 873 703 ad
920 659 1110 723 quem
1158 635 1625 720 deferebantur,
1674 638 1787 720 qui
1825 635 2062 722 uel[ut]
2103 637 2444 722 inprofessi
2483 635 2693 703 Iudai-

393 767 533 810 cam
596 746 891 810 uiuerent
949 745 1152 809 uitam
1212 742 1317 808 uel
1380 743 1782 808 dissimulata
1841 744 2088 830 origine
2148 744 2454 829 imposita
2510 745 2689 830 genti

390 852 641 917 tributa
719 874 849 917 non
932 852 1405 936 pependissent.
1522 851 1890 916 interfuisse
1964 873 2066 916 me
2139 851 2688 917 adulescentulum

390 959 679 1042 memini,
734 981 878 1024 cum
936 983 973 1025 a
1016 962 1432 1042 procuratore
1477 957 2128 1042 frequentissimoque
2176 959 2446 1024 consilio
2495 960 2692 1043 inspi-

336 1090 363 1130 s
394 1070 645 1132 ceretur
689 1066 1161 1150 nonagenarius
1206 1085 1415 1147 senex,
1462 1087 1544 1128 an
1592 1066 2050 1130 circumsectus
2097 1069 2279 1132 esset.

569 1171 675 1236 Ab
722 1174 987 1238 iuuenta
1021 1172 1287 1237 minime
1326 1171 1539 1236 ciuilis
1576 1173 1794 1256 animi,
1840 1171 2165 1237 confidens
2204 1174 2398 1238 etiam
2439 1177 2506 1238 et
2542 1195 2688 1238 cum
2726 1177 2762 1236 8

394 1280 609 1344 uerbis
669 1285 809 1344 tum
868 1280 1061 1345 rebus
1124 1279 1525 1361 immodicae,
1586 1276 1848 1344 Caenidi
1909 1279 2113 1364 patris
2171 1280 2565 1344 concubinae
2611 1303 2690 1346 ex

394 1385 641 1452 Histria
702 1408 995 1451 reuersae
1061 1386 1497 1470 osculumque,
1561 1391 1638 1451 ut
1699 1391 2004 1470 assuerat,
2070 1386 2364 1451 offerenti
2429 1409 2688 1452 manum

392 1493 716 1578 praebuit3
780 1515 1085 1580 generum
1151 1493 1369 1558 fratris
1433 1493 1698 1581 indigne
1756 1491 1966 1558 ferens
2033 1493 2284 1558 albatos
2348 1498 2412 1559 et
2477 1495 2688 1579 ipsum

314 1624 369 1664 ιο
398 1601 729 1666 ministros
774 1599 1028 1684 habere,
1076 1600 1499 1684 proclamauit
1542 1601 1776 1684 (Hom.
1823 1602 1908 1666 Il.
1953 1606 2019 1684 2,
2061 1603 2262 1685 204>2

1054 1726 1178 1790 οὐκ
1225 1725 1491 1809 ἀγαθὸν
1534 1731 2030 1810 πολυκοιρανίη.

392 1849 825 1934 principatum
864 1871 1019 1914 uero
1057 1851 1326 1934 adeptus
1363 1871 1571 1934 neque
1607 1851 1677 1914 in
1715 1855 1940 1914 senatu
1983 1851 2216 1915 iactare
2256 1851 2580 1916 dubitauit
2616 1845 2796 1916 et13

392 1958 598 2042 patri
650 1978 725 2022 se
777 1959 851 2021 et
901 1958 1130 2021 fratri
1182 1956 1588 2040 imperium
1637 1955 1970 2040 dedisse,
2017 1957 2198 2022 illos
2245 1958 2392 2021 sibi
2443 1958 2692 2021 reddi-

396 2064 467 2127 di
482 2085 625 2146 sse,
648 2085 860 2146 neque
881 2064 948 2128 in
966 2062 1327 2128 reducenda
1344 2067 1494 2147 post
1514 2063 1866 2129 diuortium
1895 2085 2094 2129 uxore
2124 2064 2367 2128 edicere
2390 2067 2465 2146 <r
2476 2065 2690 2146 6)ηο-

311 2192 367 2232 15
397 2175 638 2234 catam
679 2192 835 2234 eam
874 2171 949 2234 in
990 2169 1354 2255 puluinar
1395 2192 1627 2235 suum.
1716 2171 2059 2235 adclamari
2101 2173 2292 2236 etiam
2336 2173 2403 2235 in
2446 2170 2691 2254 amphi-

392 2277 644 2341 theatro
691 2276 868 2361 epuli
913 2278 1017 2341 die
1050 2276 1325 2341 libenter
1370 2277 1599 2341 audiit:
1648 2279 1952 2343 domino
2002 2283 2074 2342 et
2119 2279 2467 2342 dominae
2513 2277 2688 2343 feli-

394 2384 614 2448 citer!
698 2385 809 2448 sed
856 2387 919 2448 et
959 2382 1322 2466 Capitolino
1372 2383 1717 2449 certamine
1765 2389 2031 2449 cunctos
2076 2386 2326 2471 ingenti
2377 2405 2689 2449 consensu

394 2491 733 2574 precantis,
762 2495 836 2554 ut
853 2489 1210 2554 Palfurium
1242 2488 1471 2554 Suram
1499 2491 1866 2555 restitueret
1893 2491 2149 2575 pulsum
2175 2491 2330 2555 olim
2363 2494 2587 2554 senatu
2616 2512 2692 2554 ac

392 2603 548 2662 tunc
594 2597 671 2662 de
715 2598 1075 2662 oratoribus
1115 2601 1512 2680 coronatum,
1555 2597 1736 2661 nullo
1785 2617 2095 2681 responso
2135 2599 2434 2683 dignatus
2481 2603 2690 2662 tacere

310 2726 365 2765 ευ
392 2707 646 2768 tantum
685 2705 877 2769 modo
916 2705 1107 2768 iussit
1144 2725 1301 2768 uoce
1344 2705 1698 2786 praeconis.
1772 2705 1915 2786 pari
1947 2706 2333 2789 arrogantia,
2371 2727 2516 2769 cum
2545 2726 2689 2791 pro·
2728 2718 2760 2766 2

395 2815 760 2876 curatorum
818 2832 1079 2875 suorum
1145 2812 1402 2875 nomine
1456 2809 1793 2875 formalem
1851 2811 2120 2876 dictaret
2175 2812 2543 2896 epistulam,
2599 2813 2692 2877 sic

396 2919 635 3001 coepit:
684 2917 1031 2982 dominus
1073 2922 1147 2982 et
1184 2918 1365 2982 deus
1406 2921 1672 2982 noster
1706 2916 1850 2982 hoc
1877 2919 2056 2982 fieri
2096 2919 2327 2984 iubet.
2401 2919 2570 2983 unde
2599 2921 2690 2982 in-

395 3027 694 3089 stitutum
731 3023 1020 3108 posthac,
1066 3029 1141 3088 ut
1175 3047 1258 3088 ne
1297 3025 1537 3107 scripto
1583 3025 1841 3107 quidem
1880 3046 1956 3089 ac
1983 3047 2274 3090 sermone
2314 3027 2691 3108 cuiusquam

535 3233 603 3280 22
642 3228 877 3297 Eutrop.
918 3227 1041 3280 VII
1058 3229 1151 3291 23,
1177 3231 1217 3282 2
1253 3225 1542 3280 dominum
1580 3244 1639 3280 se
1676 3228 1734 3280 et
1771 3227 1936 3280 deum
1967 3227 2179 3296 primus
2216 3227 2491 3298 appellari
2529 3229 2692 3283 iussit

394 3307 573 3375 (Hier.
604 3308 785 3362 chron
814 3323 866 3360 a.
896 3306 1084 3374 2102).
1148 3308 1303 3376 Epir.
1345 3312 1429 3372 11,
1460 3313 1495 3360 6
1520 3323 1673 3359 more
1712 3305 1770 3360 C.
1802 3305 2091 3376 Caligulae
2121 3309 2208 3376 (cf.
2243 3308 2358 3362 Cal.
2385 3311 2482 3376 22)
2513 3309 2688 3362 domi-

392 3406 527 3442 num
556 3405 675 3442 sese
695 3387 973 3454 deumque
1001 3386 1116 3440 dici
1136 3387 1336 3455 coegit.
1414 3389 1596 3441 Victor
1618 3388 1766 3442 Caes.
1786 3393 1873 3453 11,
1889 3393 1928 3440 :2
1947 3387 2126 3440 maior
2153 3387 2452 3442 libidinum
2473 3388 2689 3458 flagitio

393 3484 461 3522 ac
486 3467 615 3537 plus
644 3485 811 3536 quam
841 3465 1077 3535 superbe
1113 3469 1277 3520 utens
1304 3467 1577 3536 patribus,
1615 3467 1826 3536 quippe
1866 3468 1963 3535 qui
1999 3484 2057 3520 se
2087 3468 2375 3522 dominum
2414 3468 2690 3537 deumque

394 3549 507 3602 dici
547 3548 809 3617 coegerit.
880 3549 1030 3602 Oros.
1074 3549 1193 3601 VII
1216 3553 1303 3612 10,
1332 3553 1370 3602 2
1407 3548 1467 3600 in
1502 3550 1722 3601 tantam
1761 3547 2080 3616 superbiam
2117 3547 2411 3617 prolapsus
2448 3548 2583 3615 fuit,
2625 3553 2692 3604 ut

394 3628 683 3681 dominum
720 3645 837 3682 sese
877 3645 942 3681 ac
981 3628 1147 3681 deum
1188 3628 1403 3692 uocari,
1452 3627 1621 3685 scribi
1661 3627 1880 3696 colique
1919 3628 2144 3682 iusserit
2182 3631 2268 3696 (ex
2315 3630 2590 3696 Eutropio
2641 3637 2693 3684 et

393 3709 689 3768 Suetonio).

430 3873 441 3888 ”
538 3888 565 3938 1
607 3889 833 3940 exactus
866 3886 953 3944 ὃς
983 3885 1272 3955 (Bentley),
1312 3887 1508 3938 auctus
1538 3885 1581 3939 S
1753 3884 1845 3938 uel
1883 3885 2180 3954 inprofessi
2210 3887 2258 3939 Ι.
2292 3885 2390 3940 Fr.
2426 3888 2689 3953 Gronov„

393 3967 551 4021 uelut
585 3965 882 4034 inprofessi
922 3964 1205 4034 (iprofessi
1240 3966 1301 4034 Q,
1337 3965 1513 4034 impr-
1543 3967 1598 4034 ὃ)
1630 3967 1703 4019 M
1707 3966 1869 4030 G‘m,
1910 3965 2088 4020 ueluti
2128 3965 2362 4034 professi
2393 3971 2458 4034 X,
2497 3967 2588 4021 uel
2625 3971 2690 4022 ut

392 4045 630 4116 professi
660 4047 909 4112 Gasaub.,
937 4044 1031 4098 uel
1059 4047 1123 4098 ut
1150 4045 1447 4114 inprofessi
1477 4048 1589 4100 Iac.
1628 4047 1865 4100 Gronov.
1997 4052 2026 4098 2
2057 4047 2206 4099 intra
2232 4046 2427 4100 urbem
2448 4055 2577 4116 post
2601 4048 2687 4100 Iu-

394 4127 615 4181 daicam
642 4127 771 4180 add.
807 4129 857 4178 ‘1‘
976 4131 1007 4178 3
1045 4142 1133 4178 me
1164 4124 1646 4179 adulescentulum
1674 4127 1774 4179 del.
1808 4126 2040 4196 Bentley
2175 4132 2208 4177 4
2237 4126 2689 4194 frequentissimo

396 4208 515 4276 (del.
546 4223 671 4275 que,
702 4207 845 4276 quod
871 4223 941 4260 ss.
959 4207 1125 4260 estin
1156 4207 1228 4273 R)
1267 4207 1417 4260 Torr.
1440 4207 1513 4260 al.
1624 4211 1656 4258 6
1695 4209 1815 4258 tum
1849 4206 2132 4274 QSTNL³
2251 4213 2313 4260 11
2353 4224 2549 4277 yraeca
2586 4225 2688 4261 om.

397 4291 456 4340 Π
462 4287 543 4357 Ὦ,
580 4303 649 4342 ss.
690 4303 800 4340 non
837 4285 1016 4340 bonus
1064 4285 1303 4339 multum
1351 4285 1612 4353 (multum
1659 4285 1836 4339 bonus
1876 4287 1937 4354 S)
1976 4286 2068 4340 hic
2106 4303 2208 4340 nec
2253 4287 2313 4340 in
2351 4285 2466 4340 ullo
2505 4288 2568 4339 in
2595 4287 2694 4342 LS

397 4371 463 4420 13
491 4367 591 4421 illo
622 4368 709 4432 M,
738 4368 796 4420 et
822 4365 950 4420 illos
977 4367 1027 4419 T
1050 4365 1198 4434 (illos
1218 4397 1287 4406 —·
1306 4366 1616 4419 reddidisse
1646 4383 1747 4419 om.
1770 4366 1921 4435 L1P)
2038 4373 2105 4420 14
2135 4367 2382 4420 ediceret
2411 4371 2468 4420 X
2491 4368 2528 4436 (i
2558 4385 2625 4421 ex
2651 4387 2690 4422 u

393 4463 527 4502 corr.
560 4448 651 4515 L),
682 4447 864 4500 dicere
899 4447 948 4500 G
1056 4450 1378 4500 reuocatam
1407 4447 1714 4500 Salmas-ius
1824 4451 1888 4498 18
1927 4446 2230 4514 palfarium
2255 4448 2361 4500 Me
2469 4453 2534 4500 21
2579 4447 2689 4502 for-

394 4527 548 4580 maul
576 4526 908 4581 emdictaret
939 4527 1013 4580 M
1037 4524 1395 4593 (formatilem
1425 4528 1476 4592 ὃ,
1506 4524 1866 4580 formularem
1900 4528 1955 4582 0.
1985 4529 2207 4596 Barth),
2235 4528 2365 4581 inde
2391 4527 2690 4582 formulam

394 4607 637 4661 dictaret
673 4605 915 4676 epistula
945 4607 1175 4676 Bentley
1356 4612 1422 4658 22
1461 4606 1589 4676 hoc]
1631 4606 1711 4659 sic
1739 4607 1806 4660 N
1839 4608 2029 4676 (παῖς.)
2214 4613 2279 4661 23
2319 4608 2408 4678 ac]
2447 4611 2546 4661 aut
2577 4609 2696 4663 GN
