3259 5209
1051 445 1107 500 C.
1149 444 1512 498 CALIGVLA
1551 457 1681 506 [car.
1712 458 1887 506 49—52]
2496 447 2622 511 193

498 607 649 673 Non
697 608 998 673 inmerito
1045 609 1280 674 mentis
1336 609 1679 674 ualitudini
1737 608 2139 674 attribuerim
2188 610 2623 674 diuersissima
2641 606 2729 674 51

313 715 386 779 in
433 715 658 779 eodem
707 715 884 798 uitia,
929 737 1242 780 summam
1289 717 1741 780 confidentiam
1791 720 1855 780 et
1910 721 2133 782 contra
2176 717 2449 782 nimium
2495 739 2624 780 me-

315 825 476 886 tum.
552 845 700 886 nam
748 822 858 905 qui
906 821 1058 886 deos
1098 827 1280 888 tanto
1321 844 1510 906 opere
1549 827 2001 906 contemneret,
2040 823 2119 888 ad
2156 824 2424 888 minima
2460 825 2627 888 toni-

315 932 468 992 trua
534 932 598 992 et
659 928 918 1014 fulgura
975 929 1298 1014 coniuere,
1364 933 1558 1012 caput
1623 929 1995 1012 obuoluere,
2052 935 2119 994 at
2172 953 2329 994 uero
2386 931 2625 995 maiore

259 1061 286 1098 s
320 1035 651 1119 proripere
705 1057 774 1098 se
829 1058 864 1098 e
921 1038 1124 1098 strato
1181 1035 1300 1099 sub
1357 1034 1725 1118 lectumque
1780 1037 2051 1101 condere
2105 1036 2369 1102 solebat.
2454 1060 2626 1121 pere-

320 1142 688 1227 grinatione
734 1142 992 1225 quidem
1041 1140 1363 1207 Siciliensi
1410 1143 1617 1206 irrisis
1664 1144 1939 1207 multum
1976 1144 2263 1209 locorum
2304 1145 2629 1208 miraculis

319 1253 586 1332 repente
632 1271 671 1312 a
716 1249 1010 1314 Messana
1070 1255 1268 1314 noctu
1324 1249 1618 1335 profugit
1674 1248 1947 1314 Aetnaei
2003 1252 2264 1315 uerticis
2318 1252 2499 1315 fumo
2555 1273 2629 1315 ac

320 1377 650 1420 murmure
714 1357 1104 1439 pauefactus.
1211 1357 1518 1421 aduersus
1580 1356 1889 1421 barbaros
1958 1378 2217 1441 quoque
2278 1357 2629 1422 minacissi·
2667 1373 2697 1419 2

321 1485 495 1544 mus„
552 1484 696 1526 cum
751 1466 930 1527 trans
985 1461 1284 1526 Rhenum
1341 1463 1510 1527 inter
1565 1464 1895 1548 angustias
1952 1466 2344 1548 densumque
2399 1486 2631 1550 agmen

237 1593 294 1632 ιο
323 1571 451 1634 iter
496 1570 716 1633 essedo
763 1569 1026 1654 faceret,
1073 1569 1320 1634 dicente
1369 1569 1645 1653 quodam
1692 1592 1823 1635 non
1872 1571 2252 1636 mediocrem
2303 1572 2438 1634 fore
2486 1591 2631 1635 con-

323 1677 786 1740 sternationem
833 1676 1098 1742 sicunde
1143 1675 1354 1740 hostis
1399 1681 1734 1761 appareat,
1782 1699 2015 1760 equum
2064 1677 2212 1742 ilico
2262 1678 2632 1742 conscendit

323 1805 400 1848 ac
445 1804 716 1867 propere
766 1783 1142 1864 <re>uersus
1191 1783 1270 1847 ad
1315 1788 1564 1868 pontes,
1613 1789 1685 1847 ut
1730 1807 1839 1849 eos
1890 1783 2221 1848 calonibus
2270 1789 2333 1848 et
2371 1783 2631 1868 impedi-

323 1890 564 1954 mentis
611 1890 884 1973 stipatos
931 1889 1235 1973 repperit,
1279 1891 1620 1973 impatiens
1660 1913 1877 1955 morae
1916 1913 2031 1974 per
2066 1912 2293 1954 manus
2330 1911 2404 1954 ac
2442 1911 2635 1972 super

327 1997 542 2080 capita
593 1995 926 2061 hominum
983 1997 1334 2061 translatus
1381 2003 1494 2061 est.
1577 2019 1730 2061 mox
1776 1999 1968 2061 etiam
2020 1998 2239 2061 audita
2284 1995 2635 2061 rebellione
2674 2012 2704 2059 3

244 2125 298 2166 ιτ,
329 2101 704 2167 Germaniae
763 2102 981 2188 fugam
1045 2109 1112 2167 et
1175 2102 1464 2168 subsidia
1526 2103 1719 2189 fugae
1776 2105 2009 2168 classes
2065 2102 2443 2188 apparabat,
2504 2125 2633 2168 uno

329 2209 571 2274 solacio
619 2209 1035 2292 adquiescens
1081 2211 1542 2274 transmarinas
1601 2215 1771 2276 certe
1826 2210 1949 2274 sibi
1998 2209 2442 2294 superfuturas
2489 2231 2635 2294 pro-

329 2316 597 2399 uinciaS,
643 2317 697 2380 si
743 2317 1022 2382 uictores
1061 2315 1326 2401 Alpium
1372 2318 1542 2402 iuga,
1589 2322 1663 2382 ut
1711 2315 1973 2401 Cimbri,
2018 2319 2126 2382 nel
2162 2318 2355 2382 etiam
2392 2316 2636 2400 urbem,

329 2427 404 2486 ut
463 2422 746 2486 Senones
802 2423 1152 2506 quondam,
1209 2429 1620 2508 occuparentt,
1686 2426 1853 2489 unde
1909 2425 2096 2488 credo
2152 2424 2637 2508 percussoribus

333 2530 470 2594 eius
519 2533 741 2612 postea
786 2529 1126 2594 consilium
1172 2535 1395 2594 natum
1443 2531 1610 2614 apud
1650 2531 2117 2595 tumultuantes
2155 2531 2394 2594 milites
2432 2553 2638 2596 emen-

251 2658 304 2697 so
335 2636 563 2718 tiendi,
621 2635 830 2720 ipsum
880 2636 1006 2700 sibi
1054 2659 1280 2701 manus
1329 2637 1626 2701 intulisse
1673 2639 1901 2702 nuntio
1948 2636 2152 2701 malae
2200 2659 2455 2723 pugnae
2501 2660 2638 2721 per-

333 2743 651 2806 territum.

515 2847 774 2913 Vestitu
821 2849 1222 2932 calciatuque
1268 2854 1334 2914 et
1385 2853 1598 2915 cetero
1644 2849 1873 2914 habitu
1916 2872 2125 2932 neque
2172 2852 2383 2934 patrio
2429 2872 2637 2933 neque
2659 2847 2747 2911 52

334 2955 542 3036 ciuili,
597 2977 670 3019 ac
715 2977 796 3020 ne
851 2956 1025 3020 uirili
1073 2955 1330 3040 quidem
1383 2979 1456 3021 ac
1511 2955 1787 3039 denique
1840 2957 2123 3020 humano
2181 2979 2432 3041 semper
2485 2978 2639 3020 usus

335 3066 448 3127 est.
549 3084 736 3146 saepe
799 3062 1088 3147 depictas
1149 3067 1632 3147 gemmatasque
1705 3063 1967 3128 indutus
2029 3065 2361 3148 paenulas,
2423 3085 2641 3127 manu-

255 3191 306 3229 25
339 3169 545 3234 leatus
593 3172 658 3233 et
702 3169 1064 3232 armillatus
1123 3168 1190 3233 in
1247 3169 1581 3252 publicum
1627 3170 1967 3253 processit3
2023 3170 2366 3252 aliquando
2414 3171 2639 3234 serica-

338 3281 444 3339 tus
493 3280 558 3338 et
603 3275 996 3359 cycladatus3
1043 3295 1120 3340 ac
1166 3276 1357 3340 modo
1406 3275 1473 3339 in
1521 3275 1796 3358 crepidis
1844 3276 1947 3339 uel
1993 3278 2297 3358 coturniS,
2344 3275 2536 3340 modo
2575 3276 2643 3338 in

341 3382 770 3466 speculatoria
813 3382 1049 3466 caliga,
1105 3403 1590 3465 nonnumquam
1648 3403 1834 3446 socco
1882 3383 2208 3466 muliebri3
2263 3383 2643 3466 plerumque

341 3511 494 3553 uero
543 3511 732 3553 aurea
779 3488 996 3570 barba,
1042 3488 1289 3553 fulmen
1335 3493 1558 3554 tenens
1611 3493 1725 3552 aut
1772 3490 2089 3554 fuscinam
2138 3493 2248 3553 aut
2296 3490 2643 3555 caduceum

485 3686 552 3733 22
578 3698 697 3749 sqq.
733 3681 914 3735 Victor
953 3680 1101 3734 Caes.
1135 3685 1186 3747 3,
1218 3687 1290 3736 10
1341 3681 1571 3735 deorum
1618 3682 1820 3736 habitu
1876 3683 2192 3737 incedebat.
2252 3683 2531 3738 Einhard.
2570 3688 2645 3736 23

341 3761 554 3814 uestitu
591 3759 792 3828 patrio,
831 3761 890 3814 id
931 3765 1018 3815 est
1053 3761 1340 3827 Francico,
1379 3763 1659 3817 utebatur.

488 3935 518 3981 2
557 3931 616 3984 et
653 3933 882 3984 econtra
913 3930 964 3984 G
1118 3937 1152 3982 4
1191 3933 1250 3982 at
1290 3931 1383 3999 (ad
1415 3932 1511 3998 Μ’)
1549 3948 1684 3984 uero
1721 3932 1933 3985 maiore
1974 3933 2165 3998 MLP,
2216 3932 2287 3984 ad
2328 3934 2409 4001 (at
2442 3931 2647 3997 G¹OT>

339 4027 476 4064 uero
513 4011 729 4064 maiora
765 4009 950 4065 GT‘O
978 4011 1282 4080 (Madviy),
1332 4011 1400 4064 ad
1444 4012 1660 4064 maiora
1696 4028 1831 4065 uero
1862 4013 1927 4064 H
1934 4013 2107 4077 Νρς,
2148 4015 2208 4064 at
2244 4027 2378 4064 uero
2419 4012 2491 4064 ad
2532 4028 2647 4064 ma-

341 4091 464 4144 iora
502 4091 773 4145 Heinsius
810 4091 897 4160 (cf.
935 4091 1117 4144 Herm.
1149 4095 1222 4144 40
1254 4109 1310 4158 p.
1344 4093 1470 4159 185)
1618 4096 1649 4143 5
1691 4108 1749 4144 se
1788 4093 1968 4144 stratu
2011 4091 2087 4154 G,
2127 4107 2248 4144 sese
2287 4093 2463 4143 strato
2504 4091 2545 4145 S

345 4169 653 4236 concedere
675 4171 750 4225 Μ
853 4176 884 4222 6
913 4170 1220 4224 multorum
1250 4178 1329 4238 (at
1357 4187 1418 4223 or
1447 4177 1699 4239 expunct.
1722 4173 1784 4224 in
1808 4172 1858 4224 G
1880 4190 1945 4224 m.
1974 4174 2021 4239 1)
2048 4171 2099 4223 G
2120 4173 2167 4224 T
2189 4172 2378 4240 (aalys
2501 4171 2647 4224 Pali-

345 4267 538 4305 corum
559 4251 790 4320 Bentley
937 4255 965 4302 7
1005 4250 1239 4304 crateris
1273 4252 1322 4304 ‘e
1351 4259 1659 4319 peruetus-to
1690 4253 2017 4317 lib-ro'affert
2052 4252 2281 4305 Tur-neb.
2313 4253 2443 4304 adu.
2463 4255 2553 4315 27,
2574 4258 2651 4304 :20

349 4338 414 4385 12
455 4347 628 4400 prope
663 4347 859 4384 uersus
889 4331 974 4396 N,
1011 4347 1147 4386 corr.
1183 4332 1428 4400 Bentley,
1472 4333 1827 4402 Can—neyieter
1962 4332 2146 4386 fontes
2186 4335 2231 4384 Τ
2366 4337 2430 4384 12
2469 4332 2649 4400 impe-

347 4410 636 4466 dientibus
678 4411 729 4465 G
877 4417 941 4463 15
981 4409 1292 4478 apparebat
1323 4410 1470 4480 MQ¹
1619 4416 1682 4464 18
1724 4415 1989 4480 caperent
2018 4416 2073 4464 X
2239 4417 2306 4464 28
2347 4429 2450 4466 nec
2492 4413 2651 4466 deni-

347 4508 456 4560 que
487 4491 731 4556 Ernesti,
770 4491 870 4544 aut
898 4489 950 4542 d.
984 4491 1141 4556 Wolf
1243 4489 1441 4562 (non)
1481 4491 1727 4545 humano
1768 4493 1915 4563 uuly.
1949 4493 2248 4562 (Rev-oaldi
2362 4498 2430 4544 24
2467 4493 2651 4561 pictas

349 4571 580 4626 Ernesti
723 4577 790 4622 28
831 4569 1084 4623 fiscinam
1117 4571 1350 4624 MGS¹3

460 4669 732 4710 svn-ronna
761 4669 830 4708 ed.
858 4669 993 4708 Ihm.
1049 4671 1086 4708 Ι.
2159 4666 2221 4713 13
