3259 5209
649 457 777 522 124
1345 456 1400 512 C.
1442 457 1758 514 SVETONI
1794 456 2240 522 TRANQWLLI

644 729 1020 812 spirauerat,
1066 749 1244 792 reum
1295 729 1650 792 maiestatis
1697 727 1867 812 apud
1905 727 2144 792 iudices
2181 727 2334 791 fecit
2371 731 2437 791 et
2474 725 2949 791 condemnauit.

643 835 938 920 interque
996 835 1156 898 haec
1216 833 1537 918 duplicem
1594 855 1812 898 curam
1873 834 2370 917 administrauit,
2429 854 2721 897 annonae
2783 853 2950 915 quae

642 943 843 1010 artior
896 941 1234 1023 inciderat,
1290 945 1355 1005 et
1411 940 1966 1026 repurgandorum
2020 945 2160 1005 tota
2212 938 2403 1004 Italia
2449 937 2949 1026 ergastulorum,

644 1070 918 1131 quorum
984 1047 1227 1111 domini
1293 1049 1361 1112 in
1426 1048 1737 1111 inuidiam
1801 1053 2110 1112 uenerant
2179 1047 2364 1131 quasi
2430 1049 2734 1130 exceptos
2799 1066 2948 1128 sup·
3007 1071 3038 1110 5

643 1155 995 1239 primerent
1041 1176 1171 1219 non
1226 1153 1439 1218 solum
1494 1154 1777 1218 uiatores
1825 1154 1935 1219 sed
1982 1159 2047 1218 et
2093 1175 2256 1237 quos
2303 1153 2686 1218 sacramenti
2731 1157 2948 1216 metus

645 1261 725 1324 ad
771 1263 908 1325 eius
956 1261 1130 1326 modi
1177 1261 1456 1325 latebras
1505 1261 1941 1345 compulisset.
2691 1317 2698 1322 .

564 1365 609 1430 9
823 1367 1159 1452 Stipendia
1202 1369 1412 1452 prima
1456 1368 1863 1451 expeditione
1904 1367 2284 1432 Cantabrica
2321 1367 2622 1431 tribunus
2661 1364 2946 1430 militum

644 1475 814 1559 fecit,
862 1475 1008 1539 dein
1055 1474 1247 1539 ducto
1296 1475 1376 1539 ad
1424 1473 1752 1538 Orientem
1801 1475 2087 1539 exercitu
2133 1495 2404 1560 regnum
2451 1471 2794 1537 Armeniae
2841 1471 2948 1534 Ti·

644 1582 827 1667 grani
876 1581 1163 1646 restituit
1208 1603 1281 1646 ac
1327 1603 1445 1665 pro
1494 1581 1804 1646 tribunali
1853 1582 2145 1646 diadema
2183 1581 2508 1666 imposuit.
2591 1579 2834 1662 recepit
2882 1583 2948 1640 et
2977 1605 3036 1645 ιι)

645 1689 849 1773 signa,
896 1711 1058 1772 quae
1105 1687 1192 1752 M.
1224 1687 1451 1754 Crasso
1499 1687 1871 1754 ademerant
1915 1688 2158 1752 Parthi.
2249 1693 2402 1772 post
2446 1689 2571 1752 hoc
2610 1686 2946 1751 Comatam

646 1793 917 1860 Galliam
967 1817 1133 1860 anno
1182 1796 1315 1859 fere
1359 1795 1526 1860 rexit
1573 1800 1639 1860 et
1685 1796 2106 1859 barbarorum
2155 1794 2630 1859 incursionibus
2669 1798 2734 1857 et
2768 1793 2948 1877 prin·
3253 1750 3255 1844 i

644 1903 859 1986 cipum
926 1902 1245 1967 discordia
1314 1903 1686 1986 inquietam.
1789 1903 1940 1966 exin
2001 1902 2338 1966 Raeticum
2405 1900 2946 1982 Vindelicumque
3253 1891 3255 1902 ¹

572 2023 604 2070 2
644 2007 915 2091 bellum,
962 2009 1109 2072 inde
1156 2009 1624 2091 Pannonicum,
1673 2009 1818 2072 inde
1867 2007 2320 2073 Germanicum
2367 2008 2584 2093 gessit.
2677 2007 2946 2070 Raetico

645 2119 836 2198 atque
892 2115 1228 2180 Vindelico
1285 2117 1495 2201 gentis
1550 2115 1850 2200 Alpinae,
1907 2115 2278 2180 Pannonico
2335 2113 2618 2179 Breucos
2675 2119 2739 2178 et
2793 2112 2944 2176 Dal·
2976 2140 3031 2181 ιι

646 2227 850 2286 matas
899 2220 1184 2306 subegit,
1234 2220 1610 2286 Germanico
1653 2222 2078 2306 quadraginta
2111 2222 2294 2285 milia
2329 2221 2780 2286 dediticiorum
2817 2225 2944 2282 tra-

645 2328 796 2391 iecit
862 2328 927 2390 in
995 2325 1267 2392 Galliam
1334 2329 1642 2413 iuxtaque
1706 2329 1914 2412 ripam
1981 2328 2191 2392 Rheni
2259 2328 2519 2392 sedibus
2587 2328 2945 2413 adsignatis

646 2433 1026 2498 conlocauit.
1120 2457 1279 2518 quas
1336 2434 1419 2499 ob
1476 2457 1577 2499 res
1624 2440 1689 2498 et
1736 2457 1936 2500 ouans
1985 2439 2048 2498 et
2105 2457 2295 2499 curru
2341 2434 2568 2498 urbem
2616 2435 2945 2520 ingressus

644 2545 759 2623 est,
806 2541 1005 2624 priuS,
1050 2547 1125 2606 ut
1171 2540 1430 2625 quidam
1477 2546 1737 2626 putant,
1773 2541 2276 2625 triumphalibus
2315 2541 2706 2606 ornamentis
2745 2542 2944 2605 hono-

646 2652 843 2732 ratuS,
890 2671 1062 2712 nouo
1110 2670 1229 2714 nec
1274 2653 1461 2712 antea
1508 2648 1806 2732 cuiquam
1854 2649 2098 2713 tributo
2148 2669 2376 2734 genere
2424 2648 2706 2713 honoris.
2973 2675 3032 2716 so

574 2769 607 2816 3
824 2753 1243 2840 Magistratus
1290 2760 1356 2819 et
1402 2756 1716 2819 maturius
1765 2755 2092 2819 incohauit
2138 2762 2204 2819 et
2247 2777 2450 2839 paene
2495 2755 2766 2820 iunctim
2805 2777 2944 2839 per-

646 2863 954 2943 cucurrit,
1021 2867 1431 2946 quaesturam
1498 2866 1867 2946 praeturam
1933 2861 2364 2945 consulatum3
2429 2861 2944 2946 interpositoque

644 2972 933 3052 tempore
982 2970 1207 3034 consul
1252 2970 1485 3033 iterum
1534 2970 1730 3033 etiam
1777 2969 2189 3032 tribuniciam
2229 2973 2616 3052 potestatem
2657 2968 2722 3032 in
2761 2968 2943 3052 quin-

538 3071 629 3136 10
650 3075 999 3158 quennium
1046 3076 1309 3159 accepit.
1394 3079 1491 3140 tot
1538 3076 1862 3159 prosperis
1923 3074 2393 3140 confluentibus
2441 3077 2692 3161 integra
2735 3079 2944 3140 aetate

647 3203 720 3245 ac
774 3181 1133 3247 ualitudine
1192 3183 1424 3246 statuit
1484 3185 1746 3266 repente
1805 3183 2092 3245 secedere
2150 3203 2342 3265 seque
2389 3205 2424 3245 e
2479 3182 2691 3264 medio
2749 3204 2942 3266 quam
2971 3209 3028 3250 η

644 3289 1021 3372 longissime
1083 3311 1404 3353 amouere:
1465 3288 1732 3351 dubium
1797 3289 2097 3352 uxorisne
2169 3289 2406 3372 taedi0‚
2477 3311 2670 3372 quam
2735 3311 2944 3373 neque

646 3395 969 3459 criminari
1028 3399 1139 3458 aut
1200 3395 1522 3459 dimittere
1578 3394 1839 3458 auderet
1885 3417 2090 3477 neque
2147 3397 2318 3459 ultra
2373 3397 2658 3479 perferre
2705 3400 2943 3479 posset,

3232 119 3250 500 ἕ

643 621 825 686 nium
864 618 1269 706 Caepionem,
1309 623 1420 705 qui
1458 642 1605 686 cum
1643 620 1936 686 Varrone
1973 619 2246 685 Murena
2283 619 2352 683 in
2387 618 2760 704 Augustum
2803 639 2950 682 con·
3235 545 3250 730 Ι

790 3647 854 3693 13
873 3659 991 3708 sqq.
1060 3641 1295 3710 Eutrop.
1348 3642 1471 3695 VII
1500 3646 1535 3694 9
1588 3641 1802 3694 bellum
1860 3641 2293 3710 (Germanicum)
2348 3659 2450 3709 per
2503 3641 2772 3706 Drusum,
2828 3643 2944 3711 pri-

644 3721 879 3790 uignum
925 3738 1112 3786 suum,
1164 3720 1610 3787 administrauit,
1651 3721 1798 3775 sicut
1833 3737 1934 3789 per
1970 3720 2284 3788 Tiberium,
2321 3721 2646 3792 priuignum
2684 3721 2943 3788 alterum,

642 3800 1027 3854 Pannonicum
1067 3801 1220 3872 <quo
1260 3801 1503 3854 Breucos
1550 3805 1607 3855 et
1655 3800 1947 3854 Dalmatas
1996 3800 2248 3870 subegit,
2287 3801 2491 3855 deinde
2531 3801 2770 3856 alterum
2807 3802 2945 3857 Ger-

642 3881 926 3934 manicum
974 3882 1145 3935 inse-ri
1193 3881 1312 3934 uult
1353 3883 1407 3936 Ο.
1430 3883 1759 3952 Schrader),
1810 3899 1918 3950 quo
1967 3881 2115 3934 bello
2154 3881 2248 3934 XL
2287 3882 2642 3950 captiuorum
2679 3882 2838 3937 milia
2875 3901 2944 3937 ex

646 3959 945 4014 Germania
983 3961 1275 4015 transtulit
1313 3965 1369 4015 et
1408 3978 1577 4030 supra
1616 3961 1798 4030 ripam
1837 3961 2020 4014 Rheni
2059 3961 2118 4014 in
2158 3959 2344 4014 Gallia
2382 3961 2718 4016 conlocauit.
2789 3963 2941 4016 Oros.

657 4043 743 4096 VI
770 4046 951 4107 21,24
992 4041 1295 4095 Germanos
1333 4042 1483 4096 bello
1522 4042 1789 4110 arripuit,
1835 4057 1866 4095 e
1905 4041 2110 4109 quibus
2151 4041 2530 4110 quadraginta
2567 4041 2727 4096 milia
2763 4044 2944 4111 capti-

642 4140 838 4175 uorum
878 4125 1058 4176 uictor
1096 4121 1346 4175 abduxit.

786 4361 819 4406 4
856 4354 1351 4423 repugnandorum
1383 4353 1431 4407 G
1450 4354 1499 4406 V
1530 4357 1611 4407 (in
1659 4354 1755 4407 hoc
1803 4371 1836 4405 n
1877 4354 2039 4421 prio-r
2076 4357 2368 4422 expuncta)
2519 4360 2546 4406 7
2587 4354 2848 4408 latr-ieras
2891 4356 2945 4408 G

644 4439 673 4488 9
714 4433 917 4488 deinde
955 4436 1033 4492 Τς
1070 4435 1261 4502 (uuly.)
1430 4439 1495 4486 10
1534 4451 1633 4502 pro
1675 4450 1772 4486 om.
1809 4433 1860 4486 G
2028 4441 2090 4485 15
2131 4433 2364 4486 brencos
2397 4435 2474 4492 L,
2520 4435 2794 4488 breuncos
2833 4436 2944 4498 ST,

642 4515 881 4566 breunos
922 4515 993 4580 R,
1030 4514 1269 4567 brennos
1291 4517 1351 4566 Π
1374 4521 1422 4567 et
1450 4515 1527 4566 sic
1560 4529 1664 4581 pro
1693 4531 1746 4566 u.
1779 4514 1811 4566 l.
1833 4530 1900 4567 ss.
1927 4515 1986 4566 ιή-
2009 4515 2063 4569 R
2211 4519 2275 4566 19
2315 4515 2528 4582 primus
2567 4513 2718 4568 Ί”Ρ2
2747 4516 2943 4584 (uuly)

643 4601 707 4646 ‘21
746 4595 997 4647 iunctum
1038 4594 1221 4663 VL¹Q
1257 4601 1306 4647 et
1345 4593 1427 4646 Πι
1468 4601 1523 4646 ιιι
1561 4595 1785 4647 uidetur
1929 4599 1996 4646 26
2037 4609 2216 4660 neque
2255 4611 2355 4648 om.
2391 4595 2441 4648 G
