3259 5209
1038 484 1257 541 DIVVS
1293 484 1531 539 IVLIVS
1572 496 1703 547 [car.
1735 496 1912 548 er—aes]
2535 485 2622 556 35

327 648 383 713 si
420 648 544 732 ipsi
590 648 752 714 alios
791 648 1179 731 obsiderent,
1224 652 1407 713 tanto
1445 670 1637 731 opere
1675 646 2064 731 tolerabant,
2109 651 2186 711 ut
2219 647 2624 732 Dyrrachina
2699 664 2705 671 ·

326 756 689 821 munitione
722 754 1069 839 Pompeius
1113 754 1255 819 uiso
1293 776 1525 840 genere
1561 756 1750 838 panis
1795 776 1874 819 ex
1911 752 2131 838 herba,
2178 776 2307 839 quo
2354 755 2623 821 sustine-

326 861 582 946 bantur,
626 883 771 927 cum
818 862 973 927 feris
1018 862 1147 926 sibi
1191 882 1325 927 rem
1376 882 1511 925 esse
1548 860 1784 927 dixerit
1830 860 2244 945 amouerique
2282 862 2462 927 ocius
2507 884 2628 929 nec

326 968 625 1053 cuiquam
693 968 943 1034 ostendi
1006 968 1295 1053 iusserit,
1358 990 1437 1033 ne
1497 967 1812 1052 patientia
1875 971 1938 1033 et
1999 968 2354 1052 pertinacia
2417 968 2627 1034 hostis

270 1100 295 1139 5
324 1076 525 1141 animi
571 1096 835 1141 suorum
880 1075 1347 1162 frangerentur.

507 1182 759 1259 Quanta
815 1181 1193 1249 fortitudine
1250 1181 1642 1265 dimicarint,
1707 1182 2081 1247 testimonio
2137 1186 2238 1246 est
2291 1182 2465 1266 quod
2519 1182 2623 1248 ad·
2664 1198 2698 1243 3

326 1312 514 1356 uerso
574 1289 770 1355 semel
834 1288 1005 1374 apud
1060 1288 1493 1372 Dyrrachium
1552 1288 1801 1373 proelio
1860 1310 2134 1373 poenam
2194 1289 2262 1353 in
2321 1311 2389 1353 se
2450 1289 2622 1355 ultro

326 1396 865 1480 depoposcerunt,
937 1399 1012 1462 ut
1076 1394 1500 1461 consolandos
1566 1416 1676 1460 eos
1739 1396 1948 1481 magis
2015 1396 2366 1479 imperator
2431 1418 2626 1479 quam

324 1502 682 1587 puniendos
743 1502 1060 1568 habuerit.
1162 1500 1391 1567 ceteris
1452 1502 1720 1587 proeliis
1791 1501 2160 1567 innumeras
2231 1502 2626 1568 aduersario-

242 1634 297 1673 ιο
324 1633 469 1675 rum
526 1610 743 1694 copias
797 1609 1021 1675 multis
1072 1608 1369 1693 partibus
1422 1607 1545 1692 ipsi
1582 1609 1935 1692 'pauciores
1989 1608 2178 1673 facile
2223 1614 2623 1693 superarunt.

326 1716 599 1800 denique
653 1740 783 1781 una
836 1720 1053 1781 sextae
1108 1715 1381 1801 legionis
1435 1714 1669 1780 cohors
1718 1716 2084 1800 praeposita
2136 1714 2396 1781 castello
2443 1720 2626 1799 quat-

326 1828 477 1887 tuor
520 1821 790 1907 Pompei
847 1822 1135 1908 legiones
1188 1844 1304 1906 per
1349 1822 1601 1907 aliquot
1653 1820 1846 1887 horas
1893 1821 2202 1887 sustinuit
2245 1844 2446 1907 paene
2495 1844 2626 1886 om·-

323 1930 425 1993 nis
474 1930 724 1993 confixa
768 1928 1182 1993 multitudine
1228 1927 1565 1993 hostilium
1604 1928 2009 2014 sagittarum,
2057 1952 2328 2013 quarum
2367 1934 2624 1993 centum

325 2057 401 2099 ac
446 2036 715 2121 triginta
767 2036 948 2101 milia
1002 2036 1174 2101 intra
1228 2036 1474 2100 uallum
1520 2040 1774 2119 reperta
1828 2039 1996 2101 sunt.
2088 2057 2205 2099 nec
2251 2035 2514 2119 mirum,
2568 2035 2624 2101 si
2663 2051 2696 2096 4

244 2164 297 2205 ιε
326 2142 472 2226 quis
518 2142 919 2228 singulorum
967 2142 1137 2207 facta
1173 2141 1498 2227 respiciat,
1548 2141 1651 2207 uel
1696 2140 1875 2207 Cassi
1913 2140 2190 2207 Scaeuae
2230 2141 2624 2207 centurionis

326 2249 431 2313 uel
472 2246 591 2313 Gai
626 2248 798 2313 Acili
837 2248 1081 2332 militis,
1127 2271 1207 2313 ne
1246 2248 1325 2313 de
1359 2248 1658 2333 pluribus
1694 2248 1983 2313 referam.
2079 2246 2319 2313 Scaeua
2356 2270 2626 2313 excusso

326 2355 541 2439 oculo,
586 2346 936 2419 transfixus
982 2355 1225 2420 femore
1272 2362 1337 2419 et
1383 2376 1636 2441 umero,
1687 2358 1943 2419 centum
1990 2360 2056 2419 et
2100 2355 2338 2441 uiginti
2383 2356 2626 2421 ictibus

324 2466 510 2527 scuto
564 2462 892 2547 perforato
901 2514 919 2545 ,
974 2462 1331 2527 custodiam
1380 2466 1603 2546 portae
1651 2462 1978 2527 commissi
2035 2462 2281 2527 castelli
2341 2462 2625 2527 retinuit.

324 2568 574 2633 Acilius
608 2568 825 2633 nauali
863 2568 945 2633 ad
980 2568 1338 2633 Massiliam
1375 2568 1622 2651 proelio
1661 2568 1898 2632 iniecta
1931 2568 2002 2632 in
2029 2590 2310 2654 puppem
2338 2568 2624 2634 hostium

244 2698 301 2737 ιο
330 2674 593 2739 dextera
649 2680 715 2739 et
769 2675 1017 2741 abscisa
1071 2674 1487 2740 memorabile
1542 2674 1706 2739 illud
1759 2673 1934 2759 apud
1990 2674 2264 2739 Graecos
2321 2674 2624 2761 Cynegiri

326 2782 691 2865 exemplum
737 2783 1031 2849 imitatus
1076 2782 1405 2847 transiluit
1441 2783 1511 2847 in
1546 2804 1776 2847 nauem
1815 2781 2097 2847 umbone
2137 2782 2366 2846 obuios
2406 2804 2622 2867 agens.

323 2984 473 3036 unde
512 2984 811 3053 Pompeius
849 2982 971 3037 uiso
1009 3000 1212 3053 genere
1250 2982 1431 3052 panis,
1471 3001 1581 3051 quo
1618 2983 1712 3036 hie
1751 2983 2072 3037 Caesariani
2109 2983 2440 3047 utebantur,
2481 2983 2630 3036 dixit

324 3081 383 3117 se
420 3079 675 3134 pugnare
714 3082 839 3118 cum
875 3064 1027 3129 feris,
1066 3066 1122 3117 et
1157 3062 1343 3117 noluit
1379 3064 1530 3132 quod
1568 3064 1776 3117 milites
1814 3064 1975 3117 illum
2004 3064 2279 3131 uiderent,
2317 3080 2388 3117 ne
2428 3064 2624 3132 despe-

322 3148 515 3198 rarent
552 3146 609 3198 et
652 3145 917 3198 timerent
954 3144 1228 3197 similiter.
1375 3149 1538 3212 sssqq.
1589 3146 1852 3214 Polyaen.
1896 3145 2053 3197 VIII
2081 3148 2172 3209 23,
2198 3148 2276 3197 26
2321 3142 2374 3197 οἱ
2415 3142 2624 3196 Καίσα-

324 3244 421 3291 ρος
466 3232 797 3293 στρατιῶται
840 3226 969 3290 περὶ
1009 3223 1328 3293 Δυρράχιον
1375 3223 1709 3292 ἡττηθέντες
1756 3224 1988 3284 ἑαυτοὺς
2034 3227 2628 3293 ὃεκατευθησομένους

324 3308 413 3373 (cf.
454 3307 705 3373 Appian.
745 3306 793 3358 b.
832 3308 939 3359 citt.
979 3306 1055 3358 II
1086 3308 1177 3373 63)
1215 3304 1571 3372 παρέδωκαν.
1649 3308 1868 3371 Καῖσαρ
1915 3305 2017 3372 οὐχ
2065 3304 2138 3365 ὡς
2184 3304 2310 3369 περὶ
2357 3302 2630 3372 τιμωρίας
2705 3344 2710 3349 -

326 3385 512 3437 αὐτῶν
552 3384 888 3455 ἐβουλεύετο..
928 3384 1065 3437 ἀλλὰ
1102 3386 1199 3436 καὶ
1236 3381 1786 3452 παραμυθησόμενος
1823 3382 2295 3454 ἀναμαχέσασθαι
2322 3382 2422 3452 τὴν
2456 3380 2628 3449 ἧτταν

326 3465 533 3525 αὐτοὺς
558 3462 927 3533 προέτρεψεν·
969 3462 1024 3517 οἱ
1054 3464 1117 3518 δὲ
1147 3463 1207 3517 ἐν
1234 3473 1359 3525 ταῖς
1385 3468 1608 3525 λοιπαῖς
1636 3463 1842 3534 μάχαις
1868 3466 1958 3517 ἀεὶ
1996 3463 2454 3533 παραταξάμενοι
2481 3466 2628 3519 πολὺ

324 3542 573 3598 πλείοσιν
604 3543 929 3611 ἐκράτησαν.
1070 3551 1132 3597 11
1156 3546 1326 3598 Schol.
1341 3545 1556 3597 Lucan.
1584 3545 1664 3597 Vl
1683 3549 1786 3597 134
1816 3544 1991 3596 Iulius
2013 3546 2102 3611 (cf.
2124 3546 2269 3597 Caes,
2285 3546 2330 3598 b.
2353 3563 2394 3599 c.
2411 3547 2517 3598 ΙΙΙ
2531 3550 2624 3613 55)

325 3622 469 3675 dixit
508 3622 659 3691 quod
696 3639 810 3675 una
850 3623 1045 3677 cohors
1076 3624 1346 3691 Caesaris,
1387 3640 1530 3691 quae
1560 3623 1671 3676 fuit
1700 3627 1889 3676 sextae
1918 3623 2176 3692 legionis,
2219 3624 2381 3693 quasi
2411 3642 2512 3693 per
2540 3628 2624 3677 to-

322 3707 442 3756 tam
473 3704 621 3756 diem
653 3704 923 3757 sustinuit
952 3704 1222 3772 impetum
1243 3704 1490 3757 omnium
1519 3704 1806 3773 legionum
1826 3704 2052 3773 Pompei
2077 3708 2132 3757 et
2162 3704 2392 3757 inuenta
2414 3708 2544 3757 sunt
2564 3704 2622 3757 in

323 3784 478 3836 uallo
508 3783 759 3851 proiecta
790 3787 983 3837 contra
1011 3784 1147 3837 istos
1177 3784 1328 3836 XXX
1357 3784 1515 3835 milia
1546 3785 1882 3852 sagittarum
1911 3788 2136 3852 praeter
2165 3801 2275 3847 eae,
2307 3802 2450 3851 quae
2480 3786 2626 3837 fixae

323 3868 487 3917 erant
514 3864 571 3917 in
604 3863 927 3933 corporibus
957 3864 1261 3917 hominum.
1412 3870 1475 3917 19
1510 3866 1579 3917 id.
1610 3866 1714 3916 III
1731 3869 1834 3917 624
1859 3865 1998 3917 dicit
2012 3864 2271 3918 Valerius
2293 3867 2489 3931 (1112,
2509 3869 2623 3924 2:33,

324 3943 625 3997 Suetonius
662 3948 719 3997 et
746 3944 943 3997 Florus
956 3944 1040 4013 (ss),
1081 3945 1231 4011 quod
1262 3944 1495 3998 Attilius
1534 3944 1695 3996 miles
1726 3943 1977 3997 Caesaris
2017 3945 2074 3995 in
2103 3944 2252 3997 bello
2283 3944 2624 3998 Massiliensi

323 4024 522 4078 iniecit
558 4040 785 4077 manum
823 4024 882 4077 in
920 4024 1111 4077 nauim
1140 4024 1549 4077 Massiliensem
1587 4029 1644 4077 et
1681 4024 1782 4075 illa
1821 4027 2115 4092 amputata
2143 4025 2338 4078 iniecit
2367 4025 2534 4077 aliam
2567 4030 2628 4077 et

322 4108 441 4157 tam
472 4104 571 4157 diu
598 4104 791 4157 nauim
820 4105 1021 4169 tenuit,
1060 4104 1235 4158 donec
1264 4104 1730 4173 submergeretur,
1769 4108 1991 4157 secutus
2022 4104 2354 4171 Cynegirum
2386 4105 2622 4157 militem

322 4184 724 4237 Atheniensem
761 4185 821 4237 in
860 4184 1007 4238 bello
1038 4187 1233 4239 contra
1270 4184 1467 4237 Persas
1506 4185 1811 4237 seeundum
1849 4185 2124 4237 Iustinum
2165 4187 2257 4251 (II
2292 4190 2342 4250 9,
2377 4192 2476 4253 16).

320 4308 720 4316 ——————-——-—-—.
731 4308 749 4313 -

471 4380 497 4425 1
539 4373 587 4425 si
625 4390 725 4427 om.
768 4372 1139 4426 VR²P¹0¹T
1171 4374 1251 4441 (in
1282 4373 1401 4425 ΒΡ
1424 4388 1511 4437 33.,
1549 4390 1616 4424 m.
1651 4378 1680 4423 1
1721 4378 1783 4424 ut
1810 4372 1947 4435 uid.)
2095 4378 2124 4422 3
2165 4372 2289 4441 nec]
2331 4387 2398 4423 ne
2443 4373 2630 4425 MPO

327 4460 391 4507 13
422 4452 583 4507 milia
610 4454 947 4523 sagittarum
978 4451 1201 4506 circiter
1228 4472 1335 4504 xxx
1369 4454 1515 4505 Caes.
1539 4453 1585 4503 b.
1606 4470 1648 4505 c.
1673 4453 1776 4503 ΙΙΙ
1796 4456 1866 4503 53
2015 4457 2078 4504 16
2110 4451 2238 4520 Gai]
2264 4470 2313 4503 e·
2345 4456 2390 4503 T
2531 4468 2624 4503 ex—

324 4551 457 4587 cuso
481 4536 554 4588 M
662 4540 724 4588 17
755 4532 1039 4587 transfixis
1060 4534 1291 4600 Bentley
1396 4537 1459 4584 19
1492 4532 1724 4600 puppim
1751 4532 1800 4584 G
1903 4538 1968 4583 20
2001 4532 2196 4583 dextra
2221 4533 2270 4583 G
2374 4538 2436 4583 21
2470 4534 2626 4584 trau—

324 4613 483 4667 siluit
515 4614 733 4679 MLS1,
761 4614 878 4667 -liit
901 4614 977 4679 G,
1015 4612 1169 4665 -liuit
1196 4614 1289 4666 rel.
1319 4619 1367 4665 et
1396 4614 1461 4665 N
1599 4611 1790 4663 nanim
1826 4612 1876 4665 (ι’
