3259 5209
1073 436 1289 490 DIVVS
1325 435 1563 490 IVLIVS
1603 448 1735 497 [car.
1768 448 1887 497 1—6]
2584 434 2625 497 3

325 601 626 665 labellam
684 599 1082 665 consularem
1148 604 1212 663 et
1276 598 1735 681 triumphalem
1792 599 2287 683 repetundarum
2344 592 2629 681 postula-

327 709 454 791 uit3
501 698 926 790 absolutoque
972 704 1273 770 Rhodum
1323 706 1610 770 secedere
1659 708 1903 789 statuit,
1950 710 2016 769 et
2062 705 2140 769 ad
2189 705 2627 770 declinandam

331 813 642 878 inuidiam
689 817 752 876 et
796 816 872 876 ut
917 834 1032 896 per
1087 812 1292 875 otium
1348 833 1422 875 ac
1477 814 1765 895 requiem
1814 810 2164 896 Apollonio
2211 810 2458 876 Moloni
2506 814 2629 875 cla·

329 922 586 985 rissimo
640 924 795 984 tunc
860 917 1110 981 dicendi
1167 919 1476 1002 magistro
1542 940 1802 1001 operam
1860 918 2055 982 daret.
2146 917 2273 981 huc
2329 918 2479 982 dum
2533 916 2627 980 hi—

279 1052 304 1091 5
331 1027 548 1091 bernis
603 1030 731 1090 iam
785 1023 1112 1089 mensibus
1168 1025 1410 1107 traicit,
1471 1026 1637 1087 circa
1682 1022 2213 1088 Pharmacussam
2269 1024 2545 1088 insulam
2592 1046 2630 1089 a

331 1134 760 1217 praedonibus
809 1134 1034 1213 captus
1081 1133 1182 1194 est
1227 1131 1590 1214 mansitque
1647 1130 1818 1214 apud
1866 1153 1973 1194 eos
2018 1152 2149 1194 non
2197 1132 2333 1195 sine
2380 1153 2631 1195 summa

333 1240 776 1325 indignatione
822 1259 1022 1322 prope
1072 1237 1497 1323 quadraginta
1551 1236 1686 1300 dies
1743 1258 1888 1301 cum
1941 1259 2071 1301 uno
2117 1238 2366 1302 medico
2414 1241 2480 1301 et
2525 1258 2627 1301 cu-

336 1347 638 1410 bicularis
684 1344 950 1408 duobus.
1041 1364 1190 1406 nam
1241 1343 1508 1407 comites
1565 1364 1912 1426 seruosque
1968 1347 2213 1408 ceteros
2272 1344 2457 1408 initio
2506 1348 2628 1407 sta·
2668 1362 2698 1408 2

331 1455 448 1517 tim
509 1453 588 1517 ad
635 1449 1060 1534 expediendas
1123 1450 1454 1533 pecunias,
1501 1450 1736 1534 quibus
1783 1451 2226 1532 redimeretur,
2283 1450 2627 1515 dimiserat.

251 1582 307 1622 ιο
334 1559 683 1624 numeratis
748 1557 974 1622 deinde
1041 1556 1511 1641 quinquaginta
1584 1556 1845 1621 talentis
1912 1557 2242 1641 expositus
2309 1559 2375 1620 in
2438 1557 2629 1621 litore

334 1688 467 1730 non
540 1665 795 1729 distulit
857 1666 1016 1747 quin
1079 1686 1114 1727 e
1177 1665 1456 1749 uestigio
1531 1666 1735 1730 classe
1810 1664 2081 1728 deducta
2144 1669 2630 1747 persequeretur

337 1772 630 1836 abeuntis
693 1792 768 1835 ac
829 1771 1122 1835 redactos
1188 1771 1257 1833 in
1327 1774 1711 1853 potestatem
1787 1771 2132 1854 supplicio,
2207 1770 2378 1854 quod
2442 1792 2628 1854 saepe

337 1879 465 1942 illis
514 1878 795 1942 minatus
841 1877 1012 1940 inter
1056 1878 1265 1940 iocum
1316 1876 1542 1961 fuerat,
1590 1877 1906 1941 adficeret.
1998 1881 2291 1941 uastante
2336 1877 2630 1961 regiones

336 1987 660 2070 proximas
697 1983 1090 2065 Mithridate,
1135 2004 1216 2047 ne
1255 1983 1538 2047 desidere
1584 1985 1654 2047 in
1700 1984 2063 2048 discrimine
2101 1984 2420 2048 sociorum
2458 1983 2630 2046 uide-

253 2114 308 2153 15
337 2096 530 2174 retur,
576 2091 656 2155 ab
705 2090 954 2173 Rhodo,
1010 2112 1138 2173 quo
1186 2090 1618 2173 pertenderat,
1666 2091 1922 2154 transiit
1967 2090 2033 2153 in
2080 2090 2301 2153 Asiam
2350 2088 2631 2153 auxiliis-

337 2220 463 2281 que
507 2197 854 2262 contractis
910 2200 976 2260 et
1029 2195 1351 2279 praefecto
1410 2197 1579 2281 regis
1635 2198 1972 2281 prouincia
2025 2195 2287 2281 expulso
2342 2195 2631 2261 nutantis

338 2327 412 2369 ac
459 2304 684 2368 dubias
731 2304 1026 2368 ciuitates
1071 2304 1340 2367 retinuit
1385 2304 1454 2366 in
1498 2304 1642 2367 fide.

513 2410 874 2474 Tribunatu
911 2408 1210 2493 militum,
1249 2411 1359 2492 qui
1397 2410 1645 2493 primus
1674 2410 1946 2475 Romam
1981 2432 2239 2474 reuerso
2266 2432 2383 2493 per
2411 2408 2629 2473 suffra·
2667 2407 2709 2471 5

338 2520 446 2602 gia
489 2516 713 2601 populi
759 2518 970 2581 honor
1016 2518 1271 2601 optigit,
1322 2522 1570 2583 actores
1617 2518 2049 2581 restituendae
2094 2517 2473 2581 tribuniciae
2520 2537 2630 2600 po-

255 2644 310 2684 ιο
338 2623 608 2708 testatis,
647 2624 826 2687 cuius
864 2625 993 2687 uim
1023 2622 1206 2688 Sulla
1235 2623 1649 2709 deminuerat,
1688 2625 2051 2689 enixissime
2080 2625 2263 2689 iuuit.
2337 2622 2405 2687 L.
2436 2622 2631 2687 etiam

339 2728 580 2795 Cinnae
624 2730 843 2794 uxoris
889 2730 1094 2813 fratri,
1141 2734 1205 2793 et
1252 2730 1362 2813 qui
1411 2751 1556 2793 cum
1605 2752 1681 2795 eo
1729 2730 1905 2795 ciuili
1953 2730 2271 2795 discordia
2315 2728 2629 2813 Lepidum

339 2836 541 2901 secuti
587 2840 740 2921 post
782 2856 1004 2901 necem
1043 2836 1324 2901 consulis
1363 2838 1441 2900 ad
1483 2837 1838 2902 Sertorium
1877 2837 2315 2923 confugerant,
2352 2834 2630 2899 reditum

340 2946 407 3008 in
455 2943 782 3008 ciuitatem
841 2945 1177 3029 rogatione
1225 2942 1438 3007 Plotia
1492 2945 1769 3008 confecit
1824 2944 2179 3027 habuitque
2235 2946 2300 3006 et
2345 2943 2483 3025 ipse
2530 2964 2632 3003 su-

343 3072 454 3133 per
499 3071 573 3114 ea
617 3070 684 3113 re
731 3051 1116 3114 contionem.

257 3176 312 3216 25
519 3154 833 3232 Quaestor
869 3155 1098 3221 Iuliam
1147 3158 1408 3220 amitam
1455 3179 1849 3240 uxoremque
1890 3156 2251 3221 Corneliam
2300 3156 2629 3219 defunctas
2665 3152 2710 3217 6

339 3261 630 3327 laudauit
666 3285 701 3326 e
737 3284 914 3327 more
951 3285 1068 3347 pro
1098 3266 1342 3327 rostris.
1418 3264 1573 3348 [s]et
1612 3265 1679 3327 in
1716 3266 1951 3328 amitae
1979 3264 2235 3347 quidem
2264 3262 2631 3326 laudatione

340 3368 420 3431 de
467 3370 602 3433 eius
649 3390 722 3433 ac
768 3371 970 3453 patris
1018 3369 1118 3434 sui
1163 3375 1434 3454 utraque
1482 3370 1731 3456 origine
1779 3373 1869 3434 sic
1914 3372 2137 3435 refert:

519 3474 818 3540 Amitae
865 3497 1068 3540 meae
1115 3475 1358 3540 Iuliae
1415 3481 1834 3542 maternum
1891 3500 2127 3563 genus
2184 3477 2271 3541 ab
2319 3475 2630 3560 regibus

343 3586 616 3665 ortum,
671 3586 1068 3665 paternum
1127 3604 1288 3646 cum
1338 3583 1486 3647 diis
1538 3583 2085 3648 inmortalibus
2142 3585 2633 3647 coniunctum

257 3708 314 3749 so
341 3693 474 3753 est.
575 3710 740 3752 nam
801 3687 888 3752 ab
949 3686 1158 3753 Anco
1219 3688 1505 3754 Marcio
1575 3694 1755 3754 sunt
1813 3689 2081 3756 Marcii
2144 3690 2417 3776 Reges,
2487 3710 2631 3773 quo

340 3796 643 3861 nomine
699 3796 851 3860 fuit
909 3801 1178 3881 mater;
1241 3820 1278 3861 a
1325 3796 1608 3862 Venere
1665 3796 1879 3883 Iulii,
1938 3801 2155 3862 cuius
2217 3799 2470 3883 gentis
2526 3798 2631 3859 fa-

489 4006 514 4051 1
537 3990 722 4050 uirum
735 4004 861 4065 post
881 3998 1281 4067 triumphalem
1301 3998 1428 4053 add.
1459 3997 1608 4051 T‘P2
1623 3998 1695 4051 0²
1831 4005 1863 4051 3
1883 3998 2079 4052 miloni
2104 4000 2224 4053 GH
2237 4000 2281 4069 Q
2416 4006 2446 4050 5
2468 3998 2630 4067 phar-

341 4093 664 4131 macausam
707 4077 783 4144 G,
843 4077 1254 4146 pharnacusam
1296 4078 1358 4143 V,
1416 4076 1844 4146 phamarcusam
1883 4083 1939 4130 X
2080 4084 2106 4132 7
2157 4078 2484 4149 dignatione
2533 4079 2632 4132 Ur-

339 4160 499 4212 sinus
643 4162 676 4210 8
723 4160 936 4211 ceteros
974 4175 1074 4211 om.
1123 4162 1169 4211 Τ
1311 4164 1375 4211 13
1414 4157 1584 4228 inter]
1623 4174 1725 4225 per
1761 4159 1994 4228 Bentley
2139 4165 2205 4211 14
2248 4158 2516 4211 dissidere
2556 4156 2627 4209 X'

347 4240 412 4290 18
439 4237 814 4291 Tribunatum
851 4238 960 4290 ΤΡ
971 4239 1082 4292 OT
1104 4241 1183 4307 (m
1209 4240 1272 4291 in
1297 4240 1341 4292 0
1369 4240 1680 4307 expuncta),
1720 4237 1998 4291 Tribunus
2029 4256 2061 4296 ς
2092 4240 2292 4307 (Torr.)
2321 4241 2389 4304 cf.
2425 4240 2575 4306 Vos-p.
2597 4244 2635 4291 2

346 4322 412 4370 19
451 4320 820 4385 auctoresque
855 4320 924 4381 Y,
964 4320 1218 4371 auctores
1257 4334 1316 4383 ς,
1365 4320 1579 4370 actores
1619 4321 1986 4385 auctoresque
2020 4320 2290 4372 Graevius
2433 4325 2499 4371 20
2539 4319 2631 4371 de-

341 4396 624 4450 minuerat
673 4396 924 4461 GVSH,
978 4396 1119 4449 dim·
1164 4399 1258 4451 rel.
1309 4398 1437 4465 (522²)
1602 4402 1668 4450 26
1717 4399 1771 4468 e']
1820 4399 1888 4450 de
1937 4400 2024 4452 uel
2071 4416 2136 4452 ex
2184 4400 2415 4467 Bentley
2578 4399 2635 4452 et

347 4477 608 4543 Camala„
657 4476 757 4530 sed
793 4480 846 4529 Ω,
1001 4484 1068 4529 27
1108 4476 1325 4547 origine
1363 4480 1602 4544 utraque
1641 4483 1696 4531 X
1836 4483 1903 4530 28
1942 4478 2037 4549 ab]
2078 4494 2112 4531 a
2150 4480 2273 4531 XN
2308 4481 2388 4546 (jn
2429 4480 2479 4532 L
2518 4496 2633 4533 una

346 4558 445 4611 litt.
477 4562 604 4624 post
641 4572 676 4609 a
703 4548 890 4624 crasa)
1036 4563 1100 4610 31
1143 4558 1260 4611 cuis
1303 4560 1373 4611 M
1409 4556 1458 4625 (r
1497 4558 1654 4609 cuius
1692 4576 1759 4612 m.
1790 4564 1828 4611 2
1867 4560 1922 4610 in
1961 4565 2154 4629 mary.)

2251 4647 2313 4698 1*
