3259 5209
593 479 724 543 212
1290 477 1346 533 C.
1387 477 1701 532 SVETONI
1738 478 2187 543 TRANQVILLI

593 663 799 726 neque
826 645 1206 725 temptatam
1237 642 1356 704 ulli
1382 647 1533 725 post
1561 641 1805 705 Diuum
1834 639 2071 706 Iulium
2111 647 2177 706 et
2204 650 2359 706 tunc
2388 642 2891 706 tumultuantem

523 765 555 812 2
596 749 678 812 ob
739 771 870 813 non
930 748 1214 812 redditos
1276 748 1661 833 transfugae.
1757 749 1887 812 huc
1946 769 2092 812 cum
2154 750 2234 813 ab
2296 747 2479 814 Ostia
2538 749 2892 835 nauigaret,

596 854 960 918 uehementi
999 855 1192 919 circio
1232 855 1334 918 bis
1379 875 1580 938 paene
1622 855 1949 920 demersus
1996 859 2113 938 est,
2148 877 2351 939 prope
2384 855 2717 941 Liguriam
2756 856 2893 919 iux-

595 965 792 1043 taque
857 959 1335 1044 Sto<e>chadas
1400 961 1661 1026 insulas.
1764 984 1961 1045 quare
2025 985 2063 1026 a
2127 962 2413 1026 Massilia
2480 960 2893 1027 Gesoriacum

597 1088 800 1150 usque
854 1068 1132 1151 pedestri
1189 1069 1419 1132 itinere
1475 1068 1767 1132 confecto
1825 1067 1973 1132 inde
2027 1068 2389 1132 transmisit
2444 1089 2518 1133 00
2572 1071 2711 1133 sine
2756 1070 2893 1133 ullo

596 1173 844 1257 proelio
892 1179 1004 1238 aut
1051 1175 1365 1260 sanguine
1419 1174 1592 1238 intra
1648 1175 2073 1258 paucissimos
2121 1175 2255 1238 dies
2301 1181 2485 1258 parte
2533 1175 2781 1239 insulae
2828 1177 2891 1239 in

599 1279 989 1344 deditionem
1035 1285 1306 1364 recepta,
1355 1285 1538 1345 sexto
1587 1303 1779 1364 quam
1822 1281 2150 1364 profectus
2188 1286 2327 1345 erat
2365 1303 2581 1346 mense
2619 1281 2893 1346 Romam

531 1405 562 1448 3
601 1386 796 1451 rediit
849 1386 1406 1471 triumphauitque
1459 1388 1743 1464 maximo
1802 1393 2133 1470 apparatu.
2216 1387 2297 1451 ad
2342 1388 2523 1452 cuius
2573 1393 2896 1472 spectacu-

598 1493 732 1556 lum
782 1514 1140 1558 commeare
1179 1494 1243 1557 in
1289 1493 1508 1558 urbem
1550 1515 1684 1558 non
1722 1494 1931 1557 solum
1970 1493 2373 1578 praesidibus
2410 1497 2896 1577 prouinciarum

599 1600 909 1683 permisit,
954 1621 1178 1665 uerum
1227 1602 1420 1664 etiam
1465 1599 1762 1664 exulibus
1802 1601 2214 1684 quibusdam3
2260 1606 2455 1684 atque
2490 1603 2661 1664 inter
2694 1599 2897 1666 hosti·

599 1706 686 1769 h'a
741 1707 950 1790 spolia
1005 1707 1298 1772 naualem
1357 1729 1660 1771 coronam
1716 1708 1979 1792 fastigio
2036 1705 2365 1771 Palatinae
2422 1708 2652 1772 domus
2716 1708 2897 1772 iuxta

601 1815 871 1878 ciuicam
918 1813 1080 1898 fixit,
1129 1814 1380 1878 traiecti
1417 1818 1482 1877 et
1520 1815 1705 1896 quasi
1742 1815 1971 1878 domiti
2008 1811 2245 1878 Oceani
2283 1815 2551 1899 insigne.
2636 1837 2895 1880 currum

601 1903 739 1984 eius
767 1918 1116 1984 Messalina
1161 1941 1326 1984 uxor
1363 1925 1667 2004 carpento
1708 1925 1927 1986 secuta
1964 1925 2087 2003 est3
2135 1921 2333 1985 secuti
2377 1925 2441 1985 et
2479 1921 2899 2005 triumphalia

601 2030 978 2090 ornamenta
1023 2027 1245 2091 eodem
1297 2026 1467 2090 bello
1516 2026 1749 2110 adepti,
1796 2026 1908 2090 sed
1954 2029 2147 2091 ceteri
2194 2028 2467 2110 pedibus
2514 2031 2580 2091 et
2615 2028 2682 2090 in
2721 2050 2899 2111 prae-

601 2137 804 2217 texta,
851 2133 936 2196 M.
978 2131 1245 2198 Crassus
1292 2131 1492 2219 Frugi
1549 2155 1717 2217 equo
1764 2132 2099 2217 phalerato
2148 2136 2212 2197 et
2258 2136 2325 2198 in
2372 2138 2553 2198 ueste
2594 2135 2901 2219 palmata,

605 2239 778 2322 quod
824 2262 970 2304 eum
1017 2239 1329 2303 honorem
1378 2240 1738 2304 iterauerat.

503 2343 592 2409 18
783 2345 981 2409 Vrbis
1029 2367 1443 2429 annonaeque
1489 2367 1708 2410 curam
1756 2345 2216 2410 sollicitissime
2254 2368 2505 2431 semper
2540 2349 2692 2434 egit.
2754 2370 2899 2412 cum

603 2450 964 2515 Aemiliana
1008 2453 1398 2535 pertinacius
1443 2453 1758 2536 arderent,
1803 2453 1872 2517 in
1910 2453 2276 2518 diribitorio
2315 2453 2564 2518 duabus
2599 2454 2901 2519 noctibus

604 2558 842 2621 mansit
887 2579 960 2621 ac
1007 2558 1340 2622 deficiente
1388 2558 1667 2623 militum
1708 2581 1781 2623 ac
1817 2559 2207 2623 familiarum
2256 2561 2445 2625 turba
2482 2559 2723 2624 auxilio
2772 2560 2901 2645 ple-

606 2664 750 2728 bem
795 2685 912 2748 per
958 2666 1375 2750 magistratus
1423 2687 1500 2729 ex
1549 2667 1850 2730 omnibus
1908 2667 2069 2730 uicis
2118 2668 2503 2731 conuocauit
2550 2688 2623 2730 ac
2666 2668 2899 2752 positis

608 2774 754 2835 ante
815 2793 883 2834 se
943 2793 1091 2835 cum
1149 2773 1423 2856 pecunia
1478 2773 1653 2836 fiscis
1713 2772 1796 2836 ad
1854 2771 2363 2838 subueniendum
2424 2773 2721 2838 hortatus
2786 2779 2901 2854 est,

535 2893 566 2940 2
609 2881 1093 2961 repraesentans
1158 2900 1276 2963 pro
1336 2900 1530 2962 opera
1586 2879 1845 2965 dignam
1909 2880 2139 2962 cuique
2198 2880 2573 2944 mercedem.
2663 2881 2903 2945 artiore

608 2990 822 3049 autem
872 3007 1125 3049 annona
1173 2986 1256 3049 ob
1305 2986 1594 3049 assiduas
1643 2985 2017 3050 sterilitates
2067 2986 2361 3050 detentus
2408 2987 2729 3069 quondam
2775 3009 2900 3050 me-

607 3092 712 3156 dio
761 3092 904 3156 foro
954 3114 990 3154 a
1037 3091 1228 3156 turba
1275 3092 1714 3176 conuiciisque
1761 3096 1824 3156 et
1862 3092 2055 3157 simul
2102 3092 2763 3179 fragminibus'panis
2811 3095 2903 3157 ita

2928 1627 2987 1664 1⁰

2930 2158 2987 2197 15

2930 2691 2988 2732 80

607 3199 968 3282 infestatuS,
1015 3203 1088 3262 ut
1133 3219 1320 3282 aegre
1365 3220 1483 3263 nec
1527 3199 1655 3263 nisi
1704 3200 1951 3282 postico
2000 3198 2267 3263 euadere
2316 3200 2381 3262 in
2427 3199 2749 3264 Palatium
2797 3223 2901 3263 ua·
2932 3221 2987 3260 25

603 3303 817 3388 luerit,
861 3303 1027 3368 nihil
1073 3326 1204 3368 non
1251 3305 1786 3393 ex[eo]cogitauit
1834 3304 1914 3368 ad
1950 3305 2343 3370 inuehendos
2384 3307 2577 3371 etiam
2615 3311 2904 3390 tempore

605 3412 875 3475 hiberno
924 3415 1335 3474 commeatus
1419 3434 1566 3475 nam
1625 3415 1691 3474 et
1746 3412 2258 3497 negotiatoribus
2316 3417 2491 3478 certa
2534 3411 2715 3478 lucra
2760 3435 2903 3497 pro-

787 3627 854 3674 22
897 3623 1079 3674 Victor
1112 3621 1256 3674 Caes.
1288 3625 1339 3688 4,
1361 3625 1394 3674 3
1434 3621 1617 3675 adhuc
1657 3638 1912 3675 annonae
1950 3626 2171 3690 egestas
2210 3623 2538 3691 composita.
2608 3623 2758 3678 Oros.
2793 3625 2916 3677 VII

608 3707 661 3767 6,
693 3707 763 3754 17
801 3700 1058 3768 sequenti
1096 3717 1244 3753 anno
1283 3703 1444 3754 tanta
1480 3701 1658 3755 fames
1696 3702 1907 3756 Romae
1944 3703 2069 3770 fuit,
2117 3705 2181 3755 ut
2216 3703 2403 3756 medio
2440 3703 2563 3756 foro
2598 3703 2908 3772 imperator

609 3783 895 3850 correptus
936 3797 969 3833 a
1005 3781 1216 3849 populo
1256 3781 1524 3834 conuiciis
1564 3785 1622 3834 et
1658 3782 2032 3851 fragminibus
2060 3783 2225 3851 panis
2254 3783 2577 3852 turpissime
2604 3782 2907 3836 infestatus

609 3878 778 3994 {egre
816 3877 917 3930 per
952 3860 1396 3929 pseudothyrum
1435 3861 1493 3913 in
1531 3860 1815 3915 Palatium
1860 3862 2146 3932 refugiens
2184 3862 2429 3916 furorem
2468 3863 2749 3916 excitatae
2785 3863 2907 3931 ple·

650 3942 698 3995 is
738 3941 996 3995 suaserit.

754 4127 784 4173 2
825 4118 920 4190 ab]
959 4119 1034 4172 ad
1076 4119 1127 4174 G
1164 4120 1370 4188 (hostia
1405 4121 1556 4174 codd.
1581 4127 1803 4188 praeter
1836 4119 2083 4188 GHPS2)
2269 4125 2301 4171 4
2340 4119 2685 4174 Stoechadas
2722 4137 2757 4180 ς
2804 4121 2908 4189 (ed.

625 4204 748 4255 Vm.
764 4203 894 4269 pn),
923 4199 1222 4253 stechadas
1247 4200 1434 4266 MGT,
1466 4203 1650 4252 stoca-
1680 4203 1739 4252 X
1840 4217 1873 4252 a
1910 4199 2057 4266 (add.
2088 4201 2150 4252 in
2174 4201 2247 4254 M
2262 4217 2328 4252 m.
2352 4202 2404 4269 1)
2434 4195 2533 4254 del.
2560 4199 2831 4254 Graevius

610 4281 988 4350 gessoriacum
1021 4284 1086 4346 X,
1113 4282 1240 4347 sort.
1277 4282 1435 4334 scrib.
1467 4279 1701 4334 Gaesor-
1848 4285 1878 4332 6
1919 4297 1985 4333 00
2026 4281 2175 4334 Oros.
2326 4287 2390 4332 12
2429 4279 2666 4334 traiecto
2706 4281 2919 4335 ML¹P

615 4367 679 4414 13
718 4363 910 4414 secuta
948 4360 1058 4413 Lr
1235 4366 1301 4413 14
1339 4361 1535 4428 ptexta
1563 4359 1637 4412 M.
1682 4361 1733 4412 G
1770 4359 1991 4429 (admisi
2034 4360 2397 4428 dubitante-r),
2440 4361 2793 4428 praetextam
2826 4363 2913 4428 M,

612 4442 868 4510 pretexta
889 4443 947 4491 X
959 4440 1176 4506 (eodem
1197 4457 1364 4509 usquc
1381 4438 1637 4508 palmata
1657 4456 1756 4492 om.
1784 4442 1855 4507 Τ)
1958 4445 2025 4492 20
2045 4440 2344 4509 magistros
2364 4441 2595 4507 Lipsius
2684 4445 2753 4492 24
2782 4457 2914 4494 con-

613 4520 776 4573 uiciis
811 4520 862 4573 G
1017 4519 1102 4572 ita
1138 4536 1238 4573 om.
1273 4519 1326 4574 G
1486 4525 1554 4572 26
1593 4520 1940 4590 excogitauit
1984 4519 2096 4586 Τς,
2155 4536 2222 4573 ex
2266 4536 2332 4574 eo
2380 4535 2579 4588 excog·
2618 4537 2677 4588 ς,
2732 4536 2800 4574 ex
2846 4537 2912 4574 eo

614 4599 858 4670 agitauit
898 4599 1128 4670 Bentley
1299 4599 1668 4652 inueniendos
1708 4600 1814 4652 ΧΗ
