3259 5209
525 621 555 668 2

597 441 724 506 140
1293 440 1350 496 C.
1390 439 1706 494 SVETONI
1741 439 2188 504 TRANQVILLI

774 603 1128 688 Populares
1183 602 1501 667 tumultus
1560 607 1625 666 et
1681 607 1856 667 ortos
1913 601 2294 688 grauissime
2350 601 2636 665 coercuit
2699 604 2764 664 et
2818 621 2908 662 ne

594 714 929 774 orerentur
984 709 1205 774 sedulo
1254 710 1443 775 cauit.
1528 708 1718 773 caede
1767 710 1834 773 in
1887 708 2139 773 theatro
2197 730 2313 792 per
2359 707 2748 773 discordiam
2795 705 2908 770 ad-

594 816 791 881 missa
850 817 1065 901 capita
1124 817 1477 880 factionum
1539 821 1604 880 et
1663 815 2036 900 histriones,
2094 819 2362 900 propter
2418 835 2580 899 quos
2636 813 2904 878 disside-

593 923 813 1007 batur,
867 923 1206 1010 relegauit,
1260 944 1381 988 nec
1426 927 1500 986 ut
1545 927 1882 987 reuocaret
1927 943 2234 1007 umquam
2279 920 2432 986 ullis
2478 920 2708 1005 populi
2751 941 2901 1004 pre-

598 1028 777 1093 cibus
830 1031 1047 1114 potuit
1111 1030 1335 1094 euinci.
1439 1051 1583 1094 cum
1639 1027 2007 1094 Pollentina
2061 1029 2244 1112 plebs
2309 1029 2500 1092 funus
2567 1026 2902 1091 cuiusdam
2963 1051 2993 1090 s

595 1135 1015 1220 primipilaris
1072 1158 1201 1200 non
1256 1137 1435 1220 prius
1493 1159 1571 1200 ex
1626 1136 1769 1200 foro
1825 1136 2107 1200 misisset
2165 1157 2354 1218 quam
2413 1139 2668 1198 extorta
2711 1155 2904 1218 pecu-

594 1243 703 1306 nia
756 1265 873 1326 per
927 1244 1060 1307 uim
1106 1242 1449 1308 heredibus
1497 1241 1577 1306 ad
1622 1242 2080 1330 gladiatorium
2128 1264 2390 1325 munus,
2435 1240 2770 1306 cohortem
2819 1238 2902 1304 ab

593 1349 752 1413 urbe
800 1354 865 1413 et
910 1349 1103 1413 aliam
1150 1373 1187 1413 a
1229 1349 1403 1414 Cotti
1441 1371 1642 1436 regno
1683 1349 2084 1414 dissimulata
2120 1348 2368 1413 itineris
2407 1369 2598 1413 causa
2634 1347 2902 1412 detectis

596 1460 859 1540 repente
906 1457 1099 1520 armis
1148 1456 1766 1539 concinentibusque
1823 1456 2024 1542 signis
2071 1479 2188 1540 per
2234 1456 2517 1520 diuersas
2564 1458 2784 1538 portas
2835 1453 2902 1516 in

597 1562 910 1646 oppidum
970 1562 1241 1627 immisit
1297 1584 1370 1626 ac
1424 1567 1674 1646 partem
1729 1561 2037 1627 maiorem
2093 1561 2306 1646 plebei
2363 1583 2438 1628 ac
2484 1561 2902 1635 decurionum
2935 1585 2995 1625 ιο

598 1669 665 1731 in
720 1675 1035 1753 perpetua
1089 1669 1349 1733 uincula
1404 1668 1649 1734 coiecit.
1733 1666 2020 1732 aboleuit
2076 1673 2141 1732 et
2195 1668 2294 1732 ius
2341 1687 2714 1749 moremque
2762 1687 2902 1750 asy-

595 1775 837 1861 lorum,
899 1797 1061 1860 quae
1106 1797 1380 1860 usquam
1428 1779 1627 1840 erant.
1715 1773 2046 1858 Cyzicenis
2093 1775 2160 1837 in
2207 1775 2381 1838 ciues
2427 1773 2503 1837 R.
2551 1772 2904 1836 uiolentius

599 1883 909 1965 quaedam
958 1883 1131 1946 ausis
1177 1882 1437 1967 publice
1480 1882 1850 1946 libertatem
1897 1881 2165 1967 ademit,
2218 1903 2408 1965 quam
2457 1879 2900 1944 Mithridatico

597 1988 769 2052 bello
816 1993 1201 2054 meruerant.

779 2095 1071 2160 Hostiles
1136 2099 1352 2160 motus
1416 2095 1596 2159 nulla
1667 2099 1892 2178 postea
1957 2093 2363 2178 expeditione
2427 2098 2723 2177 suscepta
2785 2113 2904 2176 per
2933 2123 2992 2161 ιε,

598 2201 848 2288 legatos
915 2203 1338 2287 compescuit,
1403 2223 1483 2266 ne
1538 2223 1655 2285 per
1719 2223 1828 2264 eos
1893 2201 2152 2285 quidem
2216 2201 2343 2264 nisi
2399 2203 2776 2264 cunctanter
2839 2205 2904 2264 et

597 2308 975 2371 necessaria
1061 2329 1251 2393 reges·
1291 2307 1562 2371 infestos
1608 2311 2070 2391 suspectosque
2116 2306 2725 2372 comminationibus
2771 2329 2902 2370 ma-

598 2413 701 2499 gis
758 2418 821 2476 et
878 2413 1156 2497 querelis
1212 2435 1405 2497 quam
1476 2415 1541 2477 ui
1598 2414 1934 2500 repressit3
2000 2415 2312 2497 quosdam
2376 2436 2494 2499 per
2553 2413 2902 2478 blanditias

601 2523 793 2603 atque
848 2520 1169 2604 promissa
1222 2524 1543 2584 extractos
1598 2521 1680 2583 ad
1727 2541 1794 2584 se
1837 2542 1970 2584 non
2024 2521 2302 2606 remisit,
2357 2524 2430 2584 ut
2475 2519 2903 2584 Marobodum

605 2625 1012 2710 Germanum,
1052 2623 1609 2745 [t]Rhascuporim
1649 2626 1981 2712 Thracem,
2018 2626 2410 2691 Archelaum
2439 2625 2902 2712 Cappadocem,
2931 2653 2994 2695 20

604 2733 784 2797 cuius
832 2733 1027 2796 etiam
1074 2756 1345 2820 regnum
1394 2734 1461 2797 in
1508 2734 1784 2798 formam
1831 2735 2202 2818 prouinciae
2249 2734 2512 2820 redegit.

747 2899 813 2946 15
854 2891 1090 2961 Eutrop.
1124 2893 1243 2946 VII
1269 2897 1416 2956 11,1
1473 2907 1752 2958 nusquam
1809 2891 1930 2985 ipse
1986 2891 2289 2961 pugnauit,
2341 2891 2495 2945 bella
2539 2907 2641 2960 per
2684 2889 2903 2960 legatos

604 2973 781 3042 gessit
809 2989 954 3026 suos.
997 2973 1147 3026 Oros,
1176 2971 1300 3026 VII
1320 2976 1371 3036 4,
1390 2975 1429 3024 2
1456 2971 1549 3024 hic
1578 2988 1679 3040 per
1708 2975 1884 3025 semet
1912 2972 2097 3040 ipsum
2127 2971 2284 3024 nulla
2311 2970 2462 3024 bella
2490 2971 2684 3041 gessit
2714 2971 2813 3024 sed
2831 2986 2902 3024 ne

598 3069 701 3122 per
727 3052 947 3122 legatos
986 3051 1213 3120 quidem
1254 3050 1449 3118 aliqua
1487 3052 1705 3120 grauia,
1743 3052 1854 3104 nisi
1891 3053 2042 3118 quod
2081 3054 2302 3104 tantum
2341 3051 2692 3120 aliquantis
2677 3069 2738 3104 m
2763 3049 2902 3104 locis

599 3133 952 3202 praecogniti
998 3132 1110 3184 cito
1148 3132 1405 3200 gentium
1444 3134 1690 3185 tumores
1730 3131 2240 3200 conprimebantur.
2407 3137 2475 3185 18
2513 3131 2752 3200 Eutrop.
2787 3131 2910 3185 VII

602 3218 746 3281 11,2
792 3212 1066 3280 quosdam
1112 3227 1273 3280 reges
1322 3228 1422 3279 per
1458 3210 1768 3265 blanditias
1809 3213 1882 3264 ad
1921 3228 1979 3265 se
2019 3213 2284 3265 euocatos
2321 3227 2630 3280 numquam
2667 3210 2902 3274 remisit,

600 3293 659 3345 in
699 3292 903 3362 quibus
942 3291 1281 3345 Archelaum
1320 3291 1736 3360 Cappadocem,
1785 3292 1943 3344 cuius
1982 3291 2152 3346 etiam
2200 3308 2434 3361 regnum
2483 3291 2539 3343 in
2579 3288 2906 3360 prouinciae

600 3373 839 3426 formam
877 3372 1113 3440 redegit.
1180 3373 1335 3440 Epit.
1366 3377 1421 3436 2,
1443 3377 1480 3425 8
1518 3371 1884 3440 Cappadocas
1913 3372 1972 3424 in
2001 3372 2354 3440 prouinciam
2382 3373 2596 3425 remoto
2627 3369 2902 3424 Archelao

599 3469 733 3522 rege
772 3469 962 3505 eorum
990 3452 1225 3520 redegit.
1264 3454 1331 3518 cf.
1367 3452 1551 3506 Victor
1573 3453 1722 3506 Caes.
1742 3456 1797 3517 2,
1819 3456 1852 3504 3
1892 3453 2034 3521 Lyd.
2058 3453 2123 3506 cle
2152 3469 2288 3522 may.
2321 3456 2371 3516 3,
2395 3455 2468 3504 57
2624 3456 2688 3504 19
2725 3451 2904 3504 Victor

605 3535 863 3597 Cae-§.24
904 3531 1245 3585 Marobodus
1266 3531 1474 3586 callide
1505 3531 1935 3599 circumuentus,
1959 3531 2270 3585 Sueborum
2299 3547 2411 3584 τοι.
2471 3531 2628 3598 Epit.
2648 3533 2753 3594 2,8
2781 3528 2904 3582 Ma-

599 3611 873 3666 robodum
914 3614 1012 3680 (sic
1048 3611 1311 3679 Landolfi
1349 3613 1486 3682 cod.)
1518 3611 1830 3666 Sueuorum
1875 3629 2064 3682 regem
2103 3611 2309 3665 callide
2347 3609 2731 3664 circumuenit.

747 3769 773 3815 1
817 3765 873 3816 et
900 3761 1093 3817 hortos
1115 3763 1294 3829 L¹H¹,
1334 3766 1553 3817 exortos
1578 3763 1857 3818 11²RL³T
1977 3767 2033 3816 et
2069 3763 2398 3817 ne—cauit
2425 3779 2526 3816 om.
2551 3761 2604 3816 V
2725 3767 2755 3814 2
2785 3776 2906 3813 ore-

603 3845 796 3895 rentur
830 3842 923 3908 M,
963 3843 1097 3895 orir-
1126 3845 1217 3896 rel.
1384 3849 1414 3895 3
1454 3845 1604 3912 quod
1639 3845 1763 3898 ΜΘ
1925 3850 1958 3895 4
1996 3859 2265 3910 umquam
2302 3860 2403 3896 om.
2429 3845 2482 3895 X
2641 3847 2671 3894 6
2710 3843 2906 3894 exorta

607 3924 678 3976 M
680 3922 730 3975 G
746 3921 867 3992 VQ¹
971 3927 1035 3974 10
1066 3922 1247 3990 plebis
1270 3926 1325 3975 X
1414 3930 1475 3976 11
1508 3923 1618 3994 ius]
1642 3924 1760 3977 eius
1778 3924 1926 3989 LP¹,
1957 3923 2071 3976 uim
2095 3923 2234 3990 (ium
2251 3921 2347 3991 P2)
2367 3921 2560 3976 HP²T
2581 3923 2744 3989 (pars
2762 3921 2906 3988 edd.)

606 4007 669 4055 12
709 4017 887 4069 usque
927 4005 1087 4054 erant
1116 4003 1177 4068 V,
1214 4007 1625 4071 usurpauerant
1655 4005 1886 4073 Bentley
2016 4009 2081 4056 13
2121 4001 2393 4070 quiddam
2422 4001 2599 4056 Polak
2725 4000 2905 4053 mitri-

604 4082 792 4136 datico
833 4081 1057 4150 (mittri-
1089 4082 1161 4152 V)
1182 4085 1237 4135 X
1243 4083 1255 4098 '
1372 4089 1436 4137 14
1464 4087 1785 4137 meruerant
1813 4085 1846 4136 δ
1867 4083 2200 4152 (Beroaldus
2219 4099 2338 4135 cum
2367 4083 2491 4136 Tac.
2521 4098 2654 4134 ann.
2676 4080 2717 4133 Ι
2724 4081 2777 4134 V
2795 4083 2906 4148 36),

602 4165 925 4216 meruerunt
964 4167 1230 4230 (promer-
1255 4163 1325 4230 G)
1352 4167 1403 4215 Ω,
1588 4169 1653 4216 16
1702 4165 1794 4234 ne]
1835 4180 1936 4217 nec
1975 4163 2114 4216 11¹1?
2129 4161 2208 4217 L³
2246 4165 2468 4232 (uvam),
2513 4179 2590 4214 an
2619 4161 2764 4234 (et)
2795 4159 2907 4214 ne?

606 4249 681 4320 17·
718 4243 1167 4313 suspectos[q]ue
1207 4244 1383 4298 Polak
1599 4249 1666 4296 18
1713 4243 2014 4312 quaerellis
2055 4245 2150 4308 M,
2205 4242 2382 4310 qrulis
2421 4243 2476 4295 R
2522 4241 2612 4310 (cf.
2655 4242 2770 4297 Cal.
2809 4243 2906 4310 10)

608 4329 672 4376 19
713 4323 1043 4377 marbodum
1074 4324 1131 4389 V,
1172 4323 1542 4376 marabodum
1570 4323 1708 4376 n²T
1827 4329 1894 4376 20
1933 4322 2342 4390 Rhascuporim
2368 4323 2565 4389 scripsi
2592 4322 2908 4376 dubitanter

607 4403 1032 4472 (Rhescuporim
1072 4404 1330 4472 Bentley,
1397 4402 1802 4472 Rhascypolim
1840 4403 2150 4472 Beroazd„)
2206 4401 2596 4470 thrascipolim
2641 4404 2740 4470 <tr-
2782 4401 2907 4470 ΩΤ,

604 4483 839 4536 transci-
873 4483 970 4550 ΠΙ)
1004 4485 1077 4536 M
1081 4484 1201 4548 Τ]
1236 4482 1644 4551 thrascypolim
1678 4483 1802 4549 GV,
1841 4481 2245 4590 thrascipolum
2277 4483 2427 4536 LPS
2567 4480 2908 4535 Archelaum

606 4563 995 4631 Cappadocem
1034 4579 1132 4616 om.
1162 4565 1211 4615 Τ
