3259 5209
654 451 743 516 60
1360 453 1415 505 O.
1457 450 1538 505 SV
1548 450 1770 505 ΕΤΟΝἹ
1808 451 2255 516 TRANQVILLI

652 614 868 679 locum
926 620 1303 693 castrorum,
1361 615 1595 697 quibus
1657 614 1868 678 fuerat
1935 636 2115 699 nsua,
2179 620 2559 678 exornatum
2615 614 2978 678 naualibus
3221 541 3254 776 1

655 720 883 805 spoliis
928 719 1237 803 Neptuno
1286 743 1361 785 ac
1405 720 1603 785 Marti
1649 723 2068 786 consecrauit.
3253 814 3255 817 Α

548 824 638 890 19
833 825 1175 892 Tumultus
1214 827 1486 911 posthac
1524 832 1589 891 et
1627 850 1841 892 rerum
1879 850 2196 893 nouarum
2236 827 2423 892 initia
2459 827 2976 893 coniurationes-
3235 818 3256 1003 Ι

3257 2066 3259 2115 l

656 954 781 1015 que
845 934 1233 1017 complures,
1307 935 1486 1018 prius
1552 956 1746 1016 quam
1823 934 2290 999 inualescerent
2353 934 2590 999 indicio
2658 935 2974 1016 detectae,

655 1041 1036 1124 compressit
1081 1040 1238 1104 alias
1294 1041 1423 1104 alio
1471 1045 1787 1123 tempore:
1843 1039 2068 1123 Lepidi
2116 1041 2393 1123 iuuenis,
2450 1040 2678 1105 deinde
2725 1038 2974 1103 Varro-
3041 1068 3070 1106 5

654 1147 753 1211 nis
799 1146 1105 1211 Murenae
1153 1151 1216 1211 et
1252 1144 1458 1210 Fanni
1499 1146 1870 1231 Caepionis,
1917 1168 2070 1211 mox
2115 1147 2200 1211 M.
2240 1146 2498 1233 Egnati,
2546 1149 2696 1211 exin
2740 1146 2970 1211 Plauti

652 1252 805 1317 Rufi
852 1253 1137 1337 Lucique
1191 1252 1378 1317 Pauli
1439 1255 1784 1339 progeneri
1831 1255 1959 1337 sui,
2011 1276 2086 1319 ac
2131 1259 2385 1338 praeter
2429 1254 2546 1317 has
2593 1252 2663 1317 L.
2711 1252 2968 1319 Audasi

652 1359 957 1425 falsarum
1014 1360 1379 1424 tabularum
1437 1361 1529 1423 rei
1584 1382 1660 1424 ac
1713 1382 1922 1443 neque
1977 1364 2185 1424 aetate
2229 1382 2438 1444 neque
2483 1382 2751 1445 corpore
2798 1362 2971 1424 inte-

653 1468 779 1552 gri,
825 1468 981 1529 item
1028 1464 1216 1530 Asini
1262 1466 1534 1551 Epicadi
1581 1488 1660 1529 ex
1707 1470 1899 1552 gente
1946 1466 2255 1530 Parthina
2303 1467 2574 1551 ibridae,
2626 1468 2706 1531 ad
2752 1474 2966 1531 extre-

653 1595 832 1637 mum
885 1572 1180 1657 Telephi,
1240 1574 1529 1637 mulieris
1584 1574 1754 1638 serui
1809 1573 2374 1638 nomenculatoris,
2465 1596 2618 1637 nam
2672 1596 2753 1637 ne
2809 1575 2968 1637 ulti-
3001 1599 3061 1639 ιο

652 1702 792 1743 mae
840 1680 1100 1761 quidem
1150 1680 1340 1744 sortis
1386 1680 1724 1744 hominum
1774 1682 2249 1764 conspiratione
2296 1685 2360 1744 et
2405 1681 2690 1764 periculo
2731 1683 2962 1745 caruit.

582 1801 613 1848 2
656 1785 977 1850 Audasius
1025 1791 1218 1869 atque
1255 1785 1580 1870 Epicadus
1627 1785 1860 1851 Iuliam
1908 1788 2109 1851 filiam
2153 1792 2217 1851 et
2257 1786 2614 1871 Agrippam
2651 1791 2960 1870 nepotem

652 1916 732 1958 ex
788 1893 1045 1978 insulis,
1103 1893 1335 1976 quibus
1391 1893 1916 1977 continebantur,
1971 1916 2190 1978 rapere
2248 1895 2327 1958 ad
2383 1894 2730 1975 exercitus,
2777 1893 2966 1957 Tele-

652 2000 819 2084 phus
868 2000 1050 2083 quasi
1098 1999 1313 2063 debita
1360 2000 1483 2063 sibi
1529 2000 1665 2063 fato
1715 1988 2150 2065 dominatione
2197 2006 2261 2065 et
2307 2002 2519 2085 ipsum
2558 2005 2622 2064 et
2661 2004 2960 2065 senatum

652 2106 917 2192 adgredi
973 2107 1383 2170 destinarant.
1478 2108 1636 2189 quin
1700 2108 1894 2171 etiam
1961 2108 2284 2189 quondam
2350 2109 2530 2172 iuxta
2585 2106 2958 2171 cubiculum
2995 2131 3050 2169 ιε

653 2214 790 2277 eius
850 2213 983 2276 lixa
1049 2213 1309 2296 quidam
1371 2235 1446 2276 ex
1507 2211 1767 2296 Illyrico
1828 2215 2139 2297 exercitu,
2205 2214 2586 2278 ianitoribus
2652 2213 2962 2296 deceptiS,

652 2323 851 2383 noctu
924 2318 1353 2403 deprehensus
1428 2324 1525 2383 est
1597 2321 1806 2384 cultro
1890 2322 2222 2385 uenatorio
2297 2322 2577 2403 cinctus,
2659 2321 2960 2403 imposne

653 2426 887 2489 mentis
944 2448 1024 2489 an
1090 2427 1389 2490 simulata
1444 2427 1766 2490 dementia
1820 2428 2162 2512 incertum3
2225 2428 2390 2491 nihil
2447 2428 2618 2492 enim
2679 2427 2960 2511 exprimi

655 2533 1029 2615 quaestione
1076 2532 1304 2616 potuit.

547 2633 637 2698 20
832 2637 1119 2701 Externa
1182 2638 1352 2703 bella
1407 2640 1533 2702 duo
1600 2639 1862 2703 omnino
1917 2662 2034 2723 per
2096 2661 2164 2702 se
2224 2640 2453 2725 gessit,
2516 2638 2956 2705 Delmaticum
2989 2662 3048 2703 so

653 2744 1024 2811 adulescens
1080 2746 1291 2810 adhuc
1346 2750 1411 2809 et
1465 2745 1753 2810 Antonio
1813 2746 2066 2810 deuicto
2127 2743 2596 2811 Cantabricum.
2699 2744 2956 2811 Delma—

652 2852 783 2916 tico
840 2854 1035 2917 etiam
1096 2854 1363 2917 uulnera
1429 2854 1705 2936 excepit,
1771 2876 1900 2917 una
1963 2854 2096 2917 acie
2153 2853 2448 2917 dextrum
2515 2874 2684 2938 genu
2739 2854 2956 2937 lapide

652 2958 837 3042 ictus,
884 2958 1084 3023 altera
1130 2965 1194 3023 et
1240 2981 1383 3023 crus
1432 2964 1497 3022 et
1544 2965 1889 3043 utrumque
1935 2960 2270 3023 brachium
2317 2958 2504 3024 ruina
2539 2960 2757 3043 pontis
2805 2981 2956 3024 con-

654 3068 992 3130 sauciatuS.
1086 3067 1331 3149 reliqua
1385 3090 1499 3150 per
1554 3067 1802 3152 legatos
1861 3066 2359 3149 administrauit,
2419 3072 2492 3131 ut
2547 3071 2762 3131 tamen
2815 3066 2956 3150 qui-

654 3171 921 3235 busdam
988 3172 1375 3236 Pannonicis
1450 3177 1645 3256 atque
1713 3171 2109 3237 Germanicis
2175 3177 2286 3239 aut
2358 3174 2776 3238 interueniret
2838 3178 2958 3238 aut
2988 3195 3044 3235 π

653 3301 785 3341 non
830 3279 1022 3363 longe
1070 3280 1337 3363 abesset,
1384 3278 1760 3343 Rauennam
1799 3280 1905 3343 uel
1941 3279 2402 3344 Mediolanium
2440 3280 2547 3345 uel
2583 3279 2954 3363 Aquileiam

547 3378 629 3444 ⁶21
654 3406 856 3466 usque
920 3385 999 3448 ab
1065 3386 1223 3449 urbe
1298 3385 1728 3469 progrediens.
1829 3388 2079 3450 domuit
2153 3391 2366 3450 autem
2441 3385 2676 3470 partim
2751 3386 2955 3451 ductu

798 3618 880 3666 20.
913 3620 981 3667 24
1024 3614 1172 3668 Oros.
1216 3615 1301 3668 VI
1327 3618 1419 3681 21,
1446 3618 1523 3667 22
1568 3614 1750 3667 multa
1786 3631 1886 3683 per
1925 3630 1981 3667 se
2019 3614 2310 3681 multaque
2347 3630 2448 3684 per
2494 3615 2663 3669 duces
2701 3619 2759 3669 et
2794 3614 2956 3683 lega-

652 3695 740 3746 tos
777 3691 930 3745 bella
968 3694 1157 3762 gessit.
1232 3694 1300 3759 cf.
1342 3694 1617 3749 Einhard.
1653 3700 1700 3749 7.
1733 3700 1818 3747 12.
1854 3700 1921 3748 13

798 3932 829 3978 3
867 3926 1102 3996 posthec
1142 3926 1261 3979 GX
1400 3931 1431 3977 4
1470 3925 1623 3994 prius
1665 3924 2105 3979 inualescentem
2147 3928 2198 3980 V
2336 3934 2366 3978 5
2406 3926 2548 3980 alias
2590 3926 2804 3993 VLP1,
2842 3926 2954 3981 ita-

651 4004 759 4059 lias
800 4008 884 4073 M,
925 4009 982 4059 et
1019 4005 1161 4058 alias
1204 4005 1420 4059 GT‘P‘
1435 4006 1496 4070 Ο,
1535 4007 1595 4058 at
1632 4005 1776 4057 alias
1815 4008 1850 4058 ὃ
2003 4012 2034 4060 6
2071 4007 2286 4075 genaiti
2328 4008 2423 4072 M,
2461 4021 2608 4076 gena
2649 4007 2708 4073 V,
2756 4008 2952 4076 genati

651 4087 764 4151 rel„
810 4103 946 4141 corr.
986 4104 1019 4145 ς
1068 4087 1164 4155 (εά.
1208 4088 1423 4140 Βοηοη.
1458 4088 1623 4153 1488)
1771 4086 1918 4138 exim
1956 4088 1991 4138 δ
2139 4092 2165 4138 7
2216 4102 2281 4139 ac
2327 4104 2428 4139 om.
2471 4088 2523 4139 V
2661 4090 2692 4139 8
2731 4088 2952 4155 corpori

658 4168 729 4220 M
736 4167 769 4232 ¹,
808 4167 1053 4235 corporis
1095 4166 1206 4231 Μ’,
1245 4183 1535 4235 corporum
1574 4170 1610 4221 δ
1754 4167 1960 4234 integri
1999 4166 2137 4219 item
2175 4167 2319 4220 asini
2359 4166 2486 4235 (-nii
2517 4168 2588 4234 G)
2623 4166 2826 4233 GL’z,
2863 4168 2954 4220 in-

652 4247 857 4314 tegrite
896 4248 1101 4299 masini
1134 4248 1246 4312 M1,
1283 4246 1613 4315 integritate
1652 4247 1856 4299 masini
1889 4249 1960 4300 M
1965 4246 1985 4275 ²
2010 4247 2362 4315 (integritate
2400 4248 2614 4300 strenui
2641 4247 2848 4301 masini
2877 4250 2951 4316 ὃ),

652 4326 859 4394 integri
896 4328 1161 4380 temasini
1200 4328 1400 4396 (them-
1434 4329 1511 4395 Π)
1562 4330 1619 4378 X
1622 4326 1635 4345 '
1658 4330 1705 4379 Y
1737 4329 1793 4395 <a
1831 4328 1893 4379 in
1929 4344 2038 4380 ras,
2080 4328 2151 4384 L)
2298 4332 2328 4379 9
2367 4326 2651 4395 parthyna
2691 4329 2786 4393 M,
2825 4344 2954 4397 par·

652 4406 807 4460 thica
838 4412 893 4459 X
896 4409 908 4425 ’
1030 4408 1265 4475 ybridae
1297 4406 1479 4474 (hybr-
1513 4409 1579 4473 P,
1618 4407 1770 4459 hibr-
1801 4410 1860 4459 Π
1872 4408 1945 4475 R)
1976 4409 2026 4458 ,Ω
2150 4414 2214 4460 12
2255 4406 2545 4475 epicadius
2575 4411 2631 4459 X
2635 4406 2650 4425 '
2773 4412 2837 4459 13
2877 4408 2953 4461 ad

652 4488 952 4559 exercitus]
992 4488 1174 4541 adorti
1218 4490 1277 4554 V,
1324 4488 1399 4540 ad
1428 4490 1737 4539 extremum
1774 4486 2042 4540 YP’OT
2064 4487 2152 4553 (cf.
2185 4488 2216 4539 l.
2242 4490 2296 4555 9)
2459 4492 2524 4541 15
2565 4487 2877 4541 destinarat
2911 4490 2962 4541 V

656 4574 719 4621 17
740 4568 975 4637 inopsne
996 4568 1118 4628 L23
1265 4574 1330 4620 26
1359 4568 1769 4621 mediolaneum
1791 4568 1933 4633 MV,
1963 4584 2120 4618 -num
2160 4570 2251 4621 rel.
2407 4572 2474 4620 27
2514 4568 2586 4620 ad
2615 4566 2810 4620 urbem
2833 4570 2908 4622 M
2913 4569 2963 4621 T
