3259 5209
1098 464 1431 520 TIBERIVS
1470 477 1601 525 [cu.
1628 475 1810 526 49—52]
2477 463 2606 526 147

301 630 529 694 aedem
574 628 809 694 Vestae
864 633 930 692 et
984 628 1189 712 ipsam
1246 627 1668 692 interuenisse
1722 627 2163 712 populumque
2224 632 2290 692 et
2344 627 2605 710 militae,

302 759 434 820 quo
483 737 735 801 enixius
780 757 968 819 opem
1006 736 1265 820 ferrent,
1303 735 1729 818 adhortatam,
1777 736 1943 798 sicut
1979 735 2099 798 sub
2137 735 2374 799 marito
2413 733 2606 798 solita

302 848 487 908 esset.
573 843 801 906 dehinc
856 842 936 907 ad
982 843 1377 907 simultatem
1434 863 1636 926 usque
1681 842 1996 927 processit
2041 841 2186 926 hac,
2244 845 2316 904 ut
2361 842 2596 925 ferunt,
2622 838 2712 906 51

302 950 385 1014 de
430 971 635 1014 causa.
720 949 985 1014 instanti
1046 949 1324 1033 saepiuS,
1380 953 1452 1013 ut
1508 949 1774 1014 ciuitate
1831 950 2136 1014 donatum
2193 950 2260 1013 in
2309 948 2598 1012 decurias

245 1083 273 1122 5
302 1057 649 1144 adlegeret,
710 1057 977 1142 negauit
1040 1055 1165 1119 alia
1230 1077 1297 1120 se
1362 1055 1735 1121 condicione
1799 1055 2224 1139 adlecturum‚
2290 1075 2483 1137 quam
2549 1055 2603 1116 si

300 1167 636 1248 pateretur
690 1162 923 1226 ascribi
979 1161 1127 1224 albo
1178 1165 1566 1226 extortum
1613 1161 1690 1225 id
1736 1161 1886 1224 sibi
1935 1183 1972 1223 a
2029 1165 2290 1223 matre.
2373 1165 2439 1223 at
2495 1158 2608 1223 illa

302 1274 629 1335 commota
680 1274 932 1334 ueteres
980 1268 1288 1352 quosdam
1346 1268 1424 1331 ad
1481 1288 1547 1331 se
1593 1267 1876 1353 Augusti
1935 1266 2264 1330 codicillos
2312 1267 2389 1330 de
2437 1287 2604 1330 acer-

302 1376 511 1441 bitate
568 1382 634 1440 et
692 1375 1107 1441 intolerantia
1161 1397 1413 1439 morum
1471 1374 1608 1439 eius
1665 1397 1700 1437 e
1747 1373 2024 1438 sacrario
2078 1374 2353 1458 protulit
2409 1378 2602 1458 atque

304 1484 625 1548 recitauit.
709 1484 829 1547 hos
874 1486 939 1546 et
984 1481 1341 1546 custoditos
1396 1486 1529 1545 tam
1578 1481 1689 1544 diu
1746 1485 1811 1544 et
1861 1479 2285 1564 exprobratos
2331 1485 2463 1544 tam
2510 1480 2604 1544 in-

220 1616 277 1657 10
306 1590 471 1654 feste
528 1589 685 1653 adeo
742 1589 1029 1675 grauiter
1074 1588 1253 1673 tulit,
1311 1593 1382 1651 ut
1428 1586 1690 1671 quidam
1745 1592 1975 1673 putent
2031 1587 2200 1651 inter
2246 1607 2466 1650 causas
2513 1609 2606 1651 se-

302 1717 521 1761 cessus
567 1697 733 1761 hanc
778 1697 836 1760 ei
892 1695 997 1760 uel
1053 1695 1463 1780 praecipuam
1509 1695 1726 1760 fuisse.
1808 1697 1950 1759 toto
1999 1695 2259 1778 quidem
2305 1694 2604 1778 triennio,
2644 1711 2675 1758 2

304 1825 437 1887 quo
500 1804 763 1868 uiuente
827 1808 1031 1867 matre
1096 1803 1285 1887 afuit,
1352 1801 1547 1866 semel
1613 1803 1875 1866 omnino
1942 1823 2082 1866 eam
2149 1823 2264 1864 nec
2327 1801 2605 1884 amplius

302 1933 501 1994 quam
546 1933 677 1974 uno
726 1911 827 1974 die
871 1909 1275 1995 paucissimis
1322 1909 1488 1973 uidit
1533 1909 1738 1994 horis3
1795 1931 1867 1972 ac
1913 1931 2066 1972 mox
2120 1929 2328 1992 neque
2375 1930 2606 1993 aegrae

302 2018 526 2082 adesse
582 2017 835 2082 curauit
890 2016 1385 2100 defunctamque
1441 2021 1523 2100 et,
1580 2016 1734 2080 dum
1782 2017 2095 2080 aduentus
2141 2015 2240 2080 sui
2288 2037 2466 2099 spem
2514 2015 2604 2079 fa—

218 2148 273 2188 15
307 2125 418 2209 cit,
465 2123 897 2209 complurium
944 2124 1191 2188 dierum
1240 2145 1421 2188 mora
1458 2128 1760 2207 corrupto
1811 2123 2067 2187 demum
2106 2129 2170 2187 et
2207 2122 2429 2186 tabido
2468 2144 2604 2186 cor-

302 2252 462 2315 pore
508 2231 869 2296 funeratam
914 2229 1252 2314 prohibuit
1297 2230 1672 2314 consecrari,
1720 2230 1902 2314 quasi
1941 2230 2006 2293 id
2045 2229 2184 2313 ipsa
2221 2230 2601 2294 mandasset.

302 2343 761 2402 testamentum
818 2359 1073 2421 quoque
1130 2337 1265 2401 eius
1322 2359 1439 2422 pro
1506 2337 1694 2401 irrito
1754 2336 1984 2400 habuit
2050 2337 2382 2421 omnisque
2448 2337 2602 2401 ami—

304 2443 491 2508 citias
556 2449 619 2508 et
683 2445 1151 2510 familiaritates
1162 2497 1179 2530 ‚
1244 2445 1435 2508 etiam
1492 2443 1728 2529 quibus
1795 2467 1869 2508 ea
1925 2444 2168 2508 funeris
2225 2445 2324 2508 sui
2382 2466 2601 2508 curam

302 2552 586 2615 moriens
634 2551 1146 2634 demandauerat,
1194 2551 1363 2615 intra
1401 2551 1596 2615 breue
1635 2555 1888 2635 ffempus
1927 2550 2178 2634 afflixit,
2215 2573 2345 2615 uno
2385 2573 2462 2615 ex
2503 2551 2602 2630 iis,
2677 2611 2681 2618 .

216 2683 273 2721 zo
305 2659 623 2742 equestris
669 2659 912 2722 ordinis
958 2659 1121 2740 uiro,
1169 2663 1232 2722 et
1278 2658 1344 2721 in
1390 2658 1655 2722 antliam
1706 2658 2143 2722 condemnato,

482 2763 799 2830 Filiorum
838 2745 1045 2849 neque
1082 2765 1439 2829 naturalem
1470 2764 1754 2830 Drusum
1794 2787 2000 2848 neque
2039 2764 2416 2848 adoptiuum
2449 2762 2600 2828 Ger·
2617 2759 2707 2826 52

306 2873 627 2936 manicum
678 2872 886 2956 patria
931 2873 1195 2937 caritate
1244 2872 1486 2955 dilexit,
1534 2873 1797 2935 alterius
1843 2871 2023 2936 uitiis
2061 2873 2368 2936 infensus.
2448 2893 2598 2935 nam

304 2979 557 3044 Drusus
602 2979 895 3044 fluxioris
940 2979 1448 3063 remissiorisque
1494 2980 1669 3043 uitae
1716 2983 1868 3042 erat.
1953 2978 2169 3062 itaque
2214 3001 2294 3042 ne
2341 2984 2596 3044 mortuo

305 3087 560 3170 quidem
612 3084 876 3170 perinde
923 3085 1209 3150 adfectus
1257 3091 1371 3168 est,
1418 3086 1527 3150 sed
1573 3090 1825 3149 tantum
1874 3107 2002 3150 non
2042 3086 2259 3150 statim
2299 3108 2338 3149 a
2372 3085 2598 3150 funere

214 3213 271 3254 2⁶
305 3194 385 3257 ad
422 3193 831 3278 negotiorum
870 3193 1397 3257 consuetudinem
1436 3193 1628 3257 rediit
1665 3193 1914 3257 iustitio
1960 3193 2254 3278 longiore
2296 3192 2594 3258 inhibito,

304 3300 460 3383 quin
508 3304 573 3363 et
608 3297 937 3362 Iliensium
976 3297 1207 3382 legatis
1243 3297 1435 3382 paulo
1475 3301 1678 3362 serius
1717 3298 2216 3383 consolantibuS‚
2262 3299 2448 3382 quasi.
2485 3299 2594 3362 ob-
2633 3310 2669 3358 2

301 3407 559 3470 literata
605 3407 733 3469 iam
780 3405 1021 3469 doloris
1068 3406 1400 3489 memoria,
1456 3405 1728 3469 irridens
1787 3427 1860 3468 se
1918 3427 2218 3489 quoque
2265 3406 2596 3490 respondit

302 3514 544 3578 uicem
611 3533 863 3576 eorum
932 3511 1216 3594 dolere,
1283 3512 1480 3595 quod
1546 3513 1936 3597 egregium
2011 3513 2251 3576 ciuem
2315 3511 2594 3579 Hecto-

300 3643 451 3684 rem
499 3619 941 3690 amisissent.
1037 3616 1414 3682 Germanico
1456 3599 1672 3701 'usque
1719 3619 1876 3682 adeo
1925 3618 2336 3704 obtrectauit‚
2393 3626 2467 3685 ut
2531 3625 2598 3682 et

443 3835 509 3884 21
554 3829 704 3884 Oros.
739 3829 985 3896 V114‚9
1022 3829 1167 3883 filios
1205 3845 1332 3882 suos
1374 3829 1612 3882 Drusum
1651 3831 1710 3883 et
1737 3828 2146 3896 Germanicum,
2185 3846 2422 3897 quorum
2449 3829 2594 3884 Dru-

301 3927 394 3962 sus
434 3908 725 3976 naturalis,
764 3908 1125 3962 Germanicus
1164 3908 1466 3976 adoptiuus
1504 3911 1642 3974 erat,
1676 3909 1990 3962 manifestis
2029 3908 2231 3964 ueneni
2261 3909 2438 3979 signis
2467 3928 2589 3979 per-

300 3987 447 4041 didit
485 3991 574 4056 (cf.
606 3991 907 4056 p.162,13
950 3993 1166 4058 154‚s).

444 4201 473 4247 9
512 4197 571 4248 et
608 4195 757 4264 (poet
794 4193 911 4263 diu)
950 4211 1051 4249 om.
1085 4194 1133 4246 V
1295 4199 1358 4246 12
1396 4210 1498 4245 nec
1536 4210 1633 4246 om.
1661 4195 1791 4258 Μδ,
1831 4195 1893 4247 in
1935 4194 1984 4246 G
2021 4211 2088 4248 ss.
2123 4211 2186 4247 m.
2218 4199 2248 4247 1
2419 4199 2482 4246 13
2523 4211 2588 4247 ac

298 4294 399 4331 om.
428 4279 487 4330 X
490 4274 505 4291 '
634 4281 700 4329 14
736 4277 795 4328 et
830 4292 930 4330 om.
965 4276 1053 4330 Ge
1175 4281 1243 4327 20
1280 4274 1523 4341 equestri
1556 4276 1629 4327 M
1640 4274 1835 4328 VLPS
1869 4277 2025 4340 (corr.
2057 4274 2155 4342 L³)
2280 4274 2448 4327 antlia
2481 4274 2594 4326 GH

298 4359 381 4424 (in
416 4358 513 4410 hoc
548 4356 767 4410 hastula
798 4363 925 4424 post
958 4373 994 4408 n
1033 4359 1239 4420 erasm,
1287 4353 1544 4406 antiliam
1584 4355 1772 4419 LST,
1828 4354 2050 4406 italiam
2090 4356 2145 4406 P
2320 4360 2384 4406 21
2425 4357 2585 4406 natu·

296 4436 471 4490 ralem
502 4435 741 4492 Drusum
778 4451 959 4502 neque
986 4452 1085 4490 om.
1121 4437 1172 4489 V
1309 4433 1700 4487 Germanicum
1741 4452 1838 4488 om.
1865 4434 1915 4487 G·
1945 4435 2026 4502 (in
2054 4435 2161 4500 fine
2191 4441 2415 4502 quatern
2426 4436 2612 4496 ionis).

297 4523 365 4570 22
404 4515 635 4570 alterius
666 4515 1031 4587 (uirtutibus,
1062 4515 1332 4584 alterius>
1371 4514 1527 4567 uitiis
1557 4516 1804 4582 Εἰράης,
1843 4513 2006 4566 alteri
2044 4514 2162 4567 eius
2201 4513 2358 4567 uitiis
2387 4522 2436 4568 et
2473 4523 2586 4569 tum

297 4596 540 4651 offensus
570 4597 801 4666 Bentley

2055 4683 2157 4736 10*
