3259 5209
607 489 737 554 232
1267 489 1324 546 C.
1365 490 1680 546 SVETONI
1722 487 2169 554 TRANQVILLI

608 659 1066 717 seuerauerunt
1113 676 1334 718 omnes
1383 655 1450 718 in
1497 653 1719 718 eodem
1761 652 2162 737 cognomine.
2247 673 2321 718 ac
2365 673 2449 716 ne
2494 650 2917 735 praenomina

607 760 866 844 quidem
924 759 1058 824 ulla
1113 765 1558 846 praeterquam
1617 759 1817 824 Gnaei
1886 764 1951 823 et
2005 758 2165 822 Luci
2222 761 2647 842 usurparunt3
2712 778 2917 839 eaque

607 867 750 951 ipsa
794 867 1067 931 notabili
1107 867 1434 950 uarietate,
1483 867 1674 932 modo
1726 867 2177 931 continuantes
2224 887 2425 930 unum
2464 862 2763 948 quodque
2799 883 2919 947 per

607 973 812 1038 trinas
859 995 1183 1058 personae,
1231 974 1422 1038 modo
1471 973 1863 1038 alternantes
1900 994 2017 1057 per
2054 972 2359 1056 singulas.
2441 992 2591 1034 nam
2628 971 2915 1053 primum

607 1080 1086 1164 secundumque
1135 1102 1208 1146 ac
1254 1082 1516 1144 tertium
1563 1078 2227 1164 A<h>enobarborum
2282 1078 2537 1160 Lucios,
2587 1075 2917 1160 sequentis
2986 1103 3017 1140 ε.

605 1209 829 1252 rursus
876 1191 1008 1251 tres
1065 1209 1142 1252 ex
1199 1187 1421 1252 ordine
1471 1183 1721 1250 Gnaeos
1788 1185 2179 1269 accepimus,
2248 1185 2532 1268 reliquos
2596 1205 2732 1248 non
2785 1184 2917 1246 nisi

607 1295 894 1359 uicissim
943 1299 1080 1358 tum
1129 1293 1366 1358 Lucios
1425 1297 1561 1357 tum
1614 1291 1881 1358 Gnaeos
1968 1292 2172 1376 pluris
2220 1314 2253 1356 e
2299 1287 2548 1356 familia
2604 1290 2911 1376 cognosci

606 1401 844 1464 referre
890 1401 1184 1484 arbitror,
1232 1421 1360 1484 quo
1409 1399 1665 1465 facilius
1714 1405 2019 1482 appareat
2077 1399 2168 1464 ita
2215 1399 2633 1482 degenerasse
2683 1420 2720 1460 a
2764 1417 2911 1460 suo-

605 1529 750 1571 rum
804 1505 1158 1571 uirtutibus
1213 1505 1420 1588 Nero,
1476 1509 1550 1570 ut
1604 1509 1820 1569 tamen
1876 1505 2039 1569 uitia
2086 1506 2395 1588 cuiusque
2442 1503 2627 1586 quasi
2672 1501 2917 1566 tradita

537 1610 577 1674 2
608 1619 671 1677 et
719 1614 1005 1698 ingenita
1058 1613 1482 1696 ret<t>ulerit.
1566 1616 1641 1676 ut
1686 1613 1889 1696 igitur
1933 1611 2128 1695 paulo
2178 1610 2371 1674 altius
2418 1614 2734 1694 repetam,
2780 1613 2915 1673 ata-
2954 1635 3015 1674 ιο

607 1743 727 1784 uus
794 1721 931 1784 eius
1000 1718 1110 1783 Cn.
1161 1717 1490 1784 Domitius
1566 1718 1635 1781 in
1698 1716 2033 1782 tribunatu
2098 1717 2520 1800 pontificibus
2592 1715 2917 1796 offensior,

607 1826 780 1910 quod
847 1825 1044 1890 alium
1111 1847 1302 1910 quam
1371 1847 1438 1888 se
1503 1826 1570 1888 in
1635 1825 1841 1908 patris
1889 1826 1988 1888 sui
2045 1823 2259 1888 locum
2319 1825 2753 1906 cooptassent,
2812 1821 2915 1884 ius

608 1934 1010 1999 sacerdotum
1060 1931 1615 2017 subrogandorum
1670 1953 1707 1994 a
1752 1931 2042 2016 collegiis
2080 1930 2163 1994 ad
2197 1929 2512 2014 populum
2552 1928 2919 1995 transtulit3

608 2046 675 2105 at
721 2042 790 2104 in
836 2039 1173 2105 consulatu
1221 2037 1685 2122 Allobrogibus
1731 2037 2169 2121 Aruernisque
2216 2037 2533 2120 superatis
2572 2034 2915 2120 elephanto

608 2171 722 2232 per
751 2146 1152 2231 prouinciam
1199 2151 1424 2210 uectus
1473 2149 1570 2210 est
1598 2144 1790 2209 turba
1828 2145 2107 2208 militum
2149 2145 2331 2227 quasi
2372 2145 2539 2207 inter
2578 2141 2915 2208 sollemnia
2954 2167 3011 2207 ιε

540 2267 571 2314 2
611 2252 924 2336 triumphi
948 2256 1391 2335 prosequente.
1453 2251 1714 2314 inhunc
1744 2250 1909 2316 dixit
1927 2250 2213 2316 Licinius
2234 2247 2501 2314 Crassus
2530 2253 2915 2314 oratornon

607 2382 774 2425 esse
820 2358 1280 2440 mirandum,
1333 2356 1533 2441 quod
1575 2380 1879 2421 aeneam
1925 2358 2232 2421 barbam
2271 2357 2615 2440 haberet,
2664 2355 2784 2420 cui
2830 2377 2915 2418 os

609 2468 967 2549 ferreum,
1007 2485 1135 2530 cor
1171 2464 1606 2550 plumbeum
1649 2469 1868 2528 esset.
1943 2465 2135 2530 huius
2164 2465 2338 2528 filius
2370 2468 2630 2548 praetor
2668 2461 2731 2527 G.
2762 2461 2913 2526 Cae-

611 2595 820 2637 sarem
866 2571 1208 2636 abeuntem
1255 2570 1625 2652 consulatu,
1684 2592 1875 2654 quem
1922 2571 2230 2634 aduersus
2276 2571 2566 2654 auspicia
2610 2569 2913 2656 legesque

611 2681 884 2766 gessisse
921 2676 1427 2759 existimabatur,
1467 2678 1546 2740 ad
1584 2677 2100 2759 disquisitionem
2142 2683 2401 2742 senatus
2432 2678 2719 2763 uocauit3
2758 2697 2907 2742 mox
2944 2700 3009 2742 ao

612 2785 838 2852 consul
883 2787 1334 2869 imperatorem
1385 2785 1463 2848 ab
1513 2783 1900 2849 exercitibus
1950 2783 2211 2848 Gallicis
2266 2784 2593 2849 retrahere
2640 2787 2911 2867 tempta-

611 2895 711 2958 uit
759 2913 1213 2976 successorque
1262 2892 1320 2954 ei
1367 2913 1484 2974 per
1529 2891 1877 2954 factionem
1922 2891 2294 2956 nominatus
2342 2890 2661 2973 principio
2700 2889 2911 2953 ciuilis

546 3011 578 3058 3
615 3000 770 3063 belli
830 2999 910 3062 ad
976 2997 1330 3063 Corfinium
1398 3003 1622 3082 captus
1686 3001 1798 3060 est.
1892 2998 2060 3060 unde
2128 2997 2427 3061 dimissus
2494 2997 2913 3060 Massiliensis

611 3105 944 3170 obsidione
1001 3105 1354 3169 laborantis
1409 3125 1553 3166 cum
1613 3102 1893 3167 aduentu
1952 3125 2071 3168 suo
2131 3105 2594 3187 confirmasset,
2650 3107 2913 3186 repente

612 3213 904 3278 destituit
950 3212 1210 3294 acieque
1258 3211 1513 3274 demum
1561 3209 1933 3274 Pharsalica
1978 3211 2307 3294 occubuit3
2354 3212 2455 3274 uir
2500 3232 2709 3294 neque
2754 3212 2911 3274 satis
2946 3233 3007 3273 ss

579 3323 913 3383 .constans
989 3324 1052 3382 et
1127 3320 1387 3402 ingenio
1461 3318 1630 3382 truci
1700 3317 1769 3380 in
1841 3305 2283 3401 des’peratione
2358 3340 2574 3382 rerum
2640 3321 2913 3382 mortem

613 3427 843 3492 timore
883 3427 1234 3508 appetitam
1278 3427 1368 3489 ita
1408 3426 1691 3508 expauit,
1722 3431 1796 3490 ut
1821 3425 2127 3489 haustum
2164 3447 2479 3490 uenenum
2520 3424 2915 3509 paenitentia

614 3532 973 3596 euomuerit
1035 3532 1479 3614 medicumque
1541 3533 2014 3615 manumiserit,
2083 3533 2255 3615 quod
2317 3531 2438 3595 sibi
2501 3532 2781 3615 prudens
2841 3553 2915 3594 ac

615 3639 820 3702 sciens
849 3639 1061 3702 minus
1100 3641 1364 3702 noxium
1405 3644 1843 3722 temperasset.
1907 3639 2309 3702 consultante
2348 3643 2559 3702 autem
2594 3636 2913 3702 Cn.Pom—

614 3745 760 3828 peio
809 3745 886 3808 de
934 3745 1157 3808 mediis
1204 3767 1278 3810 ac
1332 3751 1625 3809 neutram
1676 3751 1923 3829 partem
1976 3745 2392 3829 sequentibus
2442 3744 2617 3809 solus
2665 3747 2915 3810 censuit
2941 3766 3005 3807 so

613 3851 896 3915 hostium
945 3874 1211 3915 numero
1259 3851 1604 3915 habendos,

542 3950 584 4016 3
794 3957 1084 4040 Reliquit
1132 3958 1338 4022 filium
1398 3959 1696 4021 omnibus
1752 3960 1965 4044 gentis
2022 3981 2173 4023 suae
2220 3959 2445 4042 procul
2492 3959 2688 4024 dubio
2735 3981 2913 4043 prae·

615 4065 965 4129 ferendum.
1052 4066 1106 4128 is
1155 4065 1322 4128 inter
1369 4066 1659 4129 conscios
1702 4065 2115 4129 Caesarianae
2163 4066 2337 4130 necis
2385 4088 2774 4149 quamquam
2821 4067 2916 4130 in·

621 4194 770 4236 sons
832 4172 1171 4234 damnatus
1235 4173 1375 4256 lege
1422 4172 1643 4253 Pedia,
1705 4194 1849 4234 cum
1910 4173 1989 4234 ad
2051 4170 2339 4235 Cassium
2398 4172 2799 4256 Brutumque
2847 4195 2917 4236 se

615 4310 749 4317 ——

759 4379 789 4426 9
820 4391 1082 4428 neronem
1107 4375 1154 4426 G
1265 4373 1410 4426 uitia
1431 4390 1532 4426 om.
1558 4373 1608 4426 G
1720 4379 1784 4426 12
1817 4376 2231 4443 comoptassent
2256 4375 2329 4428 M
2342 4377 2523 4444 (prior
2542 4392 2574 4428 ο
2594 4391 2731 4429 corr.
2750 4391 2818 4428 ex
2834 4377 2914 4442 u),

615 4457 976 4524 coaptassent
1000 4455 1108 4507 T'o·
1287 4459 1354 4506 14
1392 4453 1730 4521 auernisque
1779 4455 2096 4521 superantis
2138 4457 2207 4508 M
2252 4463 2471 4521 (auern-
2508 4456 2671 4508 etiam
2713 4453 2765 4508 G
2780 4453 2913 4524 QR)

619 4541 684 4588 16
714 4534 954 4586 lucinius
979 4535 1086 4588 Ma
1196 4540 1262 4586 22
1285 4551 1569 4587 successor
1594 4533 1643 4586 G
1756 4539 1820 4585 23
1851 4533 2185 4587 massiliensi
2207 4534 2519 4603 (massiensi
2540 4535 2608 4604 S)
2626 4537 2695 4602 X,
2714 4534 2915 4588 masni-

615 4613 818 4667 lienses
844 4614 894 4667 G
913 4617 959 4666 T
1061 4621 1128 4666 25
1161 4615 1297 4667 satis
1319 4633 1416 4668 om.
1444 4615 1494 4668 G
1607 4619 1674 4666 26
1695 4613 1839 4666 truci
1862 4615 2044 4685 (qui)
2066 4617 2242 4668 Ροῑαλ·
2350 4621 2413 4667 27
2446 4619 2655 4669 temere
2680 4615 2916 4685 Bentley
