3259 5209
631 432 714 495 12
773 411 792 427 '
1296 432 1352 487 e.
1392 431 1708 489 svsTom
1744 431 2189 497 TRANQVILLI

629 595 810 661 cuius
865 595 1042 680 pacti
1094 616 1223 659 non
1287 594 1610 660 dubitauit
1656 620 1695 661 a
1741 594 2125 680 quibusdam
2180 595 2281 659 ius
2337 596 2676 660 iurandum
2733 598 2929 679 atque

521 698 612 765 24
633 702 827 766 etiam
883 700 1316 787 syngrapham
1373 702 1644 788 exigere.
1738 702 1849 767 sed
1905 724 2050 767 cum
2106 701 2343 767 Lucius
2400 702 2725 767 Domitius
2784 722 2930 765 con-

628 810 874 873 sulatus
936 808 1311 873 candidatus
1367 808 1579 893 palam
1636 810 1989 873 minaretur
2042 809 2372 873 consulem
2430 830 2496 873 se
2551 809 2929 873 effecturum

629 916 804 999 quod
848 919 1110 1000 praetor
1145 915 1474 998 nequisset
1519 916 2099 999 adempturumque
2145 916 2205 980 ei
2252 914 2589 997 exercitus,
2628 912 2929 979 Crassum

627 1021 1138 1107 Pompeiumque
1155 1022 1243 1086 -in
1279 1022 1505 1086 urbem
1541 1023 1916 1107 prouinciae
1954 1044 2105 1086 suae
2142 1021 2384 1087 Lucam
2421 1025 2743 1086 extractos
2782 1042 2932 1085 con·
2990 1048 3019 1088 5

628 1129 815 1213 pulit,
862 1132 935 1192 ut
978 1128 1360 1193 detrudendi
1405 1128 1681 1192 Domitii
1736 1150 1927 1194 causa
1984 1128 2389 1193 consulatum
2435 1128 2705 1193 alterum
2758 1132 2932 1211 pete-

629 1238 799 1319 rent,
861 1234 1258 1319 perfecitque
1304 1236 1717 1320 †utrumque,
1781 1239 1854 1300 ut
1920 1237 1983 1299 in
2051 1236 2561 1319 quinquennium
2626 1234 2753 1299 sibi
2814 1234 2931 1298 im-

559 1355 592 1403 2
628 1340 878 1424 perium
926 1345 1399 1428 prorogaretur.
1473 1364 1600 1425 qua
1644 1341 1881 1408 fiducia
1925 1343 2007 1406 ad
2060 1342 2366 1427 legiones,
2412 1364 2573 1425 quas
2618 1362 2655 1403 a
2698 1364 2769 1405 re
2814 1364 2931 1425 pu-

629 1446 800 1511 blica
843 1453 1191 1533 acceperat,
1239 1449 1396 1513 alias
1441 1449 1699 1534 priuato
1748 1452 2010 1533 sumptu
2056 1447 2319 1531 addidit,
2365 1470 2558 1513 unam
2608 1449 2801 1512 etiam
2850 1468 2933 1511 ex

629 1552 1069 1638 Transalpinis
1119 1556 1567 1639 conscriptam,
1614 1555 1934 1621 uocabulo
1972 1575 2227 1639 quoque
2266 1553 2515 1618 Gallico
2556 1592 2639 1601 -—
2677 1552 2933 1617 Alauda
2962 1582 3021 1622 ιο

629 1661 801 1723 9111111
849 1660 1294 1745 appellabatur
1338 1700 1444 1745 —,
1492 1683 1683 1745 quam
1738 1661 2080 1747 disciplina
2136 1661 2441 1744 cultuque
2494 1660 2790 1727 Romano
2837 1662 2932 1724 in-

561 1780 594 1829 8
631 1768 924 1831 stitutam
981 1773 1045 1832 et
1101 1772 1391 1833 ornatam
1439 1772 1665 1853 postea
1718 1770 2080 1833 uniuersam
2142 1769 2402 1833 ciuitate
2448 1768 2729 1832 donauit.
2811 1788 2935 1831 nec

632 1872 860 1938 deinde
906 1874 1040 1938 ulla
1085 1874 1238 1939 belli
1288 1874 1641 1958 occasione,
1691 1876 1855 1959 <119>
1894 1874 2117 1940 iniusti
2156 1875 2417 1958 quidem
2462 1895 2537 1939 ac
2582 1873 2931 1958 periculosi

632 1980 961 2063 abstinuit,
1007 1986 1139 2045 tam
1187 1981 1530 2046 foederatis
1567 2003 1761 2064 quam
1810 1981 2060 2047 infestis
2108 2003 2183 2046 ac
2226 1981 2381 2046 feris
2419 1981 2721 2065 gentibus
2758 1980 2933 2044 ultro

631 2085 974 2169 lacessitis,
1035 2088 1193 2152 adeo
1241 2091 1316 2152 ut
1371 2092 1627 2153 senatus
1678 2089 1997 2172 quondam
2044 2089 2293 2174 legatos
2340 2088 2417 2152 ad
2468 2086 2930 2172 explorandum
2962 2114 3016 2154 ιε
3072 2176 3077 2179 ¹

631 2196 871 2256 statum
921 2191 1272 2257 Galliarum
1319 2195 1667 2259 mittendos
1715 2195 2067 2259 decreuerit
2112 2216 2185 2258 ac
2230 2194 2526 2259 nonnulli
2573 2192 2933 2258 dedendum

633 2322 778 2362 eum
817 2299 1112 2364 hostibus
1154 2301 1530 2365 censuerint.
1597 2302 1709 2364 sed
1746 2322 2051 2386 prospere
2090 2300 2603 2385 [de]cedentibus
2640 2292 2937 2365 rebus'et

635 2406 887 2489 saepius
943 2410 1009 2470 et
1062 2407 1347 2490 plurium
1397 2430 1590 2491 quam
1641 2407 1979 2491 quisquam
2039 2430 2346 2492 umquam
2392 2408 2641 2472 dierum
2689 2408 2931 2492 suppli-

526 2508 614 2574 25
639 2512 920 2577 cationes
981 2514 1369 2598 impetrauit.
1463 2516 1664 2600 gessit
1724 2520 1937 2579 autem
2001 2537 2235 2579 nouem
2298 2516 2482 2579 annis
2492 2566 2508 2599 ,
2569 2513 2803 2598 quibus
2865 2514 2935 2579 in

632 2617 904 2703 imperio
951 2620 1094 2703 fuit,
1140 2620 1298 2685 haec
1341 2622 1494 2688 fere.
2962 2648 3017 2687 ιο

811 2722 1082 2791 Omnem
1149 2726 1422 2792 Galliam
1439 2778 1454 2807 ,
1526 2751 1690 2811 quae
1764 2728 1934 2793 saltu
2002 2728 2329 2812 Pyrenaeo
2397 2727 2805 2814 Alpibusque
2869 2732 2937 2791 et

631 2836 851 2897 monte
916 2831 1240 2918 Cebenna,
1307 2834 1685 2899 fluminibus
1743 2834 1971 2899 Rheno
2041 2856 2115 2899 ac
2179 2834 2494 2900 Rhodano
2567 2834 2936 2899 continetur

632 2945 936 3022 patetque
1002 2942 1277 3005 circuitu
1351 2941 1430 3005 ad
1493 2940 1594 3005 bis
1653 2947 1717 3005 et
1778 2943 1992 3005 tricies
2058 2946 2317 3007 centum
2374 2943 2555 3005 milia
2607 2962 2935 3025 passuum,

779 3164 845 3211 19
862 3177 983 3227 sqq.
1025 3162 1259 3229 Eut-rep.
1303 3162 1390 3215 VI
1411 3165 1500 3227 17,
1521 3164 1555 3213 3
1602 3159 1822 3213 domuit
1868 3162 2055 3214 autem
2106 3160 2265 3213 annis
2312 3176 2514 3214 nouem
2556 3159 2674 3213 fere
2712 3175 2935 3213 omnem

635 3238 899 3305 Galliam,
939 3256 1084 3308 quae
1122 3240 1271 3293 inter
1306 3239 1493 3309 Alpes,
1534 3238 1740 3292 flumen
1766 3239 2121 3307 Rhodanum,
2160 3240 2417 3293 Rhenum
2446 3243 2505 3293 et
2533 3238 2815 3294 Oceanum
2848 3241 2937 3293 est

635 3321 692 3372 et
730 3318 969 3372 circuitu
1015 3323 1177 3388 patet
1213 3320 1287 3372 ad
1325 3320 1413 3373 bis
1460 3322 1518 3373 et
1555 3319 1744 3373 tricies
1792 3322 2031 3373 centena
2076 3322 2324 3389 (centum
2360 3321 2513 3376 codd.
2552 3321 2735 3389 detor.)
2772 3318 2935 3373 milia

633 3415 914 3467 passuum.

779 3602 810 3648 2
849 3595 1232 3664 syngraphum
1263 3598 1430 3663 (sym-
1450 3596 1506 3659 S,
1536 3595 1646 3648 sin·
1670 3596 1797 3661 PO,
1836 3596 1975 3649 ciro·
2004 3596 2073 3665 T)
2093 3600 2152 3649 X
2292 3594 2587 3649 consulatu
2616 3596 2764 3659 HR,
2802 3612 2935 3650 con-

635 3674 837 3727 sularis
876 3679 933 3728 X
938 3673 953 3693 '
1099 3682 1130 3728 6
1167 3678 1428 3744 peterent
1464 3674 1747 3745 X‘HQQ,
1811 3679 2032 3744 peteret
2069 3677 2140 3729 M
2151 3676 2307 3731 GR&
2357 3676 2507 3743 (inde
2553 3675 2697 3729 alter
2742 3691 2935 3729 eorum

629 3772 735 3823 pro
772 3754 1012 3808 alterum
1051 3756 1381 3820 Salmasius,
1428 3758 1663 3821 uterque
1705 3755 1772 3808 G.
1790 3756 1995 3809 Becker
2031 3757 2211 3809 delens
2248 3757 2393 3823 quod
2438 3758 2683 3825 sequitur
2720 3758 2934 3809 utrum·

634 3840 764 3905 que)
931 3840 959 3888 7
998 3835 1346 3905 perfecitque
1394 3836 1693 3902 utrumque
1739 3838 1804 3889 ut
1843 3837 1919 3890 M
1928 3836 2050 3889 GH
2058 3836 2183 3901 Rs,
2239 3835 2588 3904 perfecitque
2632 3838 2935 3904 utrumque

635 3916 873 3984 (·-imque
912 3917 984 3983 L)
1032 3919 1091 3969 et
1134 3916 1199 3968 ut
1237 3919 1313 3982 X,
1367 3917 1425 3968 et
1470 3917 1534 3968 ut
1580 3922 1630 3968 et
1678 3923 1793 3968 tum
1838 3914 2185 3984 perfecitque
2232 3918 2532 3982 utrumque
2578 3922 2697 3983 pos-t
2743 3932 2936 3984 proro-

633 3998 864 4064 garetur
902 3998 955 4051 V
984 3997 1082 4065 (sic
1128 4013 1263 4050 corr.
1308 3995 1432 4065 6⁸),
1489 3998 1548 4047 et
1596 3997 1663 4048 ut
1708 3998 1829 4061 (om.
1868 3995 2007 4064 perf.
2046 3998 2176 4064 utr.)
2220 3996 2303 4066 ρε
2359 3997 2457 4063 (sic
2496 3997 2646 4061 Wolf
2690 3997 2937 4065 aliique),

633 4075 880 4143 fecitque
918 4092 1018 4145 per
1053 4078 1354 4143 utrumque
1393 4078 1457 4129 ut
1495 4096 1526 4143 ρ
1556 4076 1856 4144 (Οαεαιιὺλ,
1892 4075 2241 4144 perfecitque
2270 4078 2576 4142 utcumque
2603 4077 2669 4128 ut
2694 4077 2784 4129 uel
2810 4092 2935 4143 per-

632 4156 879 4225 fecitque
917 4160 982 4209 ut
1011 4158 1260 4225 Bentley,
1296 4155 1436 4224 perf.
1465 4172 1566 4224 per
1593 4158 1893 4222 utrumque
1923 4158 1987 4208 ut
2016 4156 2160 4209 Roth
2304 4162 2335 4207 8
2366 4156 2502 4221 quia
2530 4156 2581 4209 V
2722 4160 2753 4208 9
2793 4154 2937 4209 alias

636 4268 702 4277 —
725 4237 952 4291 addidit
995 4237 1114 4302 YS,
1152 4236 1296 4289 alias
1319 4268 1384 4276 —
1407 4236 1570 4288 addit
1609 4237 1684 4289 M
1694 4236 1743 4289 G
1760 4236 1828 4301 V,
1886 4233 2013 4287 aliis
2036 4266 2103 4274 -—
2126 4234 2337 4289 additis
2368 4234 2535 4290 LPO
2553 4236 2602 4288 T
2738 4236 2935 4306 unam]

634 4334 765 4370 nam
786 4319 928 4383 HR,
965 4316 1080 4370 iam
1105 4317 1204 4387 Qs,
1235 4332 1405 4384 quam
1434 4337 1465 4383 ρ
1615 4320 1681 4369 13
1719 4332 1791 4368 119
1817 4314 1994 4384 suppl.
2018 4316 2293 4369 Erasmus
2440 4321 2502 4367 17
2536 4313 2865 4368 cedentibus
2886 4336 2937 4384 ρ,

635 4398 1064 4451 succedentibus
1105 4414 1154 4463 ς,
1194 4396 1246 4450 ei
1285 4395 1616 4450 cedentibus
1658 4396 1910 4461 Cas-aab„
1948 4395 2079 4448 dein
2118 4412 2161 4449 c.
2208 4396 2477 4449 Graevius
2513 4396 2603 4464 (cf.
2642 4394 2832 4449 Herm.
2862 4400 2939 4450 36

628 4494 686 4546 p.
719 4480 845 4546 302)
1005 4482 1070 4529 19
1111 4476 1170 4529 in
1208 4494 1306 4531 om.
1351 4477 1511 4543 MR,
1550 4492 1662 4528 non
1700 4475 1855 4529 P¹O¹
2014 4481 2078 4527 21
2122 4491 2155 4527 a
2193 4474 2340 4527 saltu
2370 4478 2417 4527 Τ
2570 4480 2637 4527 22
2676 4473 2937 4544 gebenna

635 4556 789 4625 (geh-
813 4558 886 4625 R)
921 4558 990 4609 M
995 4556 1273 4610 21ΡΡῙΟΤ
1409 4555 1847 4621 fluminibusque
1876 4558 1933 4607 X
1954 4558 2083 4623 (non
2124 4557 2193 4623 T)
2332 4560 2399 4608 23
2429 4558 2666 4608 centena
2696 4555 2935 4623 Eutrop.
