3259 5209
547 3503 585 3571 1

1137 2781 1221 2866 O.
1291 2779 1730 2865 SVETONI
1798 2780 2426 2883 TRANQVILLI

989 2955 1081 3050 D
1110 2954 1193 3051 E
1259 2952 1418 3048 VI
1450 2951 1638 3047 ΤΑ
1715 2949 2000 3049 OAE
2043 2949 2557 3051 SARVM

1613 3158 1829 3212 LIBER
1866 3159 1943 3213 111

1481 3306 2072 3389 TIBERIVS

806 3503 1085 3568 Patricia
1132 3524 1290 3587 gens
1339 3499 1603 3564 Claudia
1652 3538 1734 3545 —
1783 3500 1908 3564 fuit
1964 3502 2135 3564 enim
2183 3506 2249 3566 et
2299 3502 2425 3567 alia
2469 3502 2748 3587 plebeia,
2806 3527 2926 3570 nec

623 3611 918 3696 potentia
972 3610 1184 3673 minor
1240 3629 1356 3671 nec
1404 3607 1719 3692 dignitate
1764 3645 1852 3652 —
1900 3611 2040 3671 orta
2096 3612 2194 3672 est
2239 3630 2317 3672 ex
2363 3609 2636 3696 Regillis
2684 3611 2925 3695 oppido

625 3717 1027 3783 Sabinorum.
1132 3715 1276 3779 inde
1334 3713 1607 3778 Romam
1660 3735 1878 3777 recens
1944 3714 2268 3779 conditam
2325 3738 2469 3780 cum
2525 3739 2758 3803 magna
2815 3717 2925 3783 cli-

621 3826 869 3890 entium
907 3846 1100 3887 manu
1141 3820 1573 3907 conmigrauit
1610 3825 1874 3885 auctore
1912 3819 2059 3884 Tito
2094 3820 2279 3885 Tatio
2319 3829 2614 3888 consorte
2643 3823 2926 3909 Romuli,

621 3930 755 4015 uel,
814 3931 987 4014 quod
1036 3929 1241 4014 magis
1291 3931 1567 4010 constat,
1622 3926 1783 3991 Atta
1831 3924 2096 3992 Claudio
2145 3930 2356 4015 gentis
2404 3930 2721 4016 principe,
2776 3937 2926 4014 post
2977 3961 3005 4002 5

620 4060 803 4123 reges
871 4041 1127 4101 exactos
1187 4039 1365 4099 sexto
1427 4034 1558 4098 fere
1615 4056 1809 4117 anno3
1876 4038 2066 4118 atque
2123 4036 2190 4098 in
2253 4036 2555 4118 patricias
2621 4042 2923 4121 cooptata

620 4167 848 4231 agrum
916 4145 1178 4227 insuper
1243 4148 1417 4205 trans
1474 4140 1787 4204 Anienem
1853 4141 2195 4206 clientibus
2260 4142 2602 4226 locumque
2657 4144 2782 4208 sibi
2841 4145 2920 4209 ad

764 4344 794 4390 3
841 4354 1042 4407 regens
1084 4338 1154 4390 M
1168 4337 1262 4389 Ga·
1311 4336 1391 4401 (in
1434 4333 1483 4386 G
1529 4350 1665 4387 corr.
1714 4351 1782 4387 m.
1832 4335 2112 4402 antiqua),
2162 4337 2414 4389 recenter
2452 4336 2533 4389 L²
2678 4343 2710 4389 5
2759 4337 2919 4407 Atta]

619 4419 762 4473 tatio
803 4418 956 4488 (-cio)
1003 4419 1048 4469 ‘1'
1192 4422 1223 4468 6
1265 4415 1458 4484 atque]
1507 4429 1541 4466 a
1577 4412 1836 4481 patribus
1883 4412 1968 4480 T‘,
2016 4417 2187 4481 atque
2225 4431 2258 4467 a
2297 4415 2555 4483 patribus
2596 4415 2675 4469 1²²
2818 4432 2919 4484 pa-

617 4498 812 4552 tricios
850 4499 970 4568 HQ
1117 4498 1381 4565 coaptata
1422 4498 1499 4562 Ω,
1538 4512 1675 4548 corr.
1713 4495 1773 4546 ive
1815 4511 1846 4552 ς
1886 4498 1933 4557 (ε
1972 4501 2098 4548 teste
2126 4495 2694 4564 1’rewl’hommio)ed.
2738 4496 2930 4551 Veml

617 4584 648 4631 7
690 4579 943 4633 enienem
986 4579 1048 4643 V,
1087 4593 1305 4630 amnem
1350 4577 1396 4629 (ι’
1544 4572 1845 4641 lucumque
1891 4577 1938 4626 T
