3259 5209
642 453 769 519 184
1342 453 1396 507 C.
1439 453 1751 508 SVETONI
1790 455 2234 520 TRANQVILLI

638 617 811 700 quod
866 615 1106 681 multos
1161 618 1288 681 iam
1344 639 1545 682 annos
1603 624 1935 701 poteretur
1981 620 2358 702 sacerdotio,
2407 619 2786 682 ualidiorem
2835 618 2942 680 ad-

638 725 991 788 uersarium
1058 723 1453 788 subornauit.
1554 745 1698 791 cum
1765 726 2043 808 quodam
2109 725 2210 789 die
2275 725 2557 789 muneris
2621 725 2942 788 essedario

639 830 832 896 Porio
892 835 1042 914 post
1109 851 1481 914 prosperam
1544 853 1828 916 pugnam
1899 855 2154 896 seruum
2214 855 2402 897 suum
2461 831 2946 896 manumittenti

641 937 994 1001 studiosius
1040 935 1336 1020 plausum
1386 941 1571 1019 esset,
1620 937 1712 1000 ita
1757 939 2082 1022 proripuit
2127 961 2194 1002 se
2241 937 2652 1022 spectaculis,
2697 943 2773 1001 ut
2819 937 2946 1002 cal-

642 1049 783 1108 cata
828 1043 1063 1108 lacinia
1108 1049 1299 1128 togae
1344 1065 1647 1126 praeceps
1692 1066 1810 1128 per
1844 1045 2083 1130 gradus
2121 1045 2263 1128 iret,
2309 1043 2834 1130 indignabundus
2879 1049 2948 1108 et
3003 1069 3030 1108 5

642 1149 977 1214 clamitans
1024 1151 1405 1215 dominum
1454 1149 1799 1236 gentium
1844 1151 2214 1235 populum
2272 1173 2356 1215 ex
2414 1174 2495 1216 re
2539 1152 2948 1216 leuissima

641 1255 814 1340 plus
862 1255 1179 1321 honoris
1217 1256 1642 1343 gladiatori
1689 1257 2154 1324 tribuentem
2208 1281 2427 1342 quam
2465 1259 2948 1322 consecratis

643 1363 1131 1446 principibus
1178 1369 1307 1428 aut
1352 1363 1749 1447 praesenti
1795 1363 1962 1430 sibi.

538 1467 631 1534 36
830 1469 1186 1535 Pudicitiae
1222 1473 1471 1554 <neque
1508 1472 1703 1553 suae>
1740 1491 1946 1554 neque
1984 1471 2226 1536 alienae
2263 1471 2565 1554 pepercit.
2648 1469 2732 1533 M.
2762 1469 2948 1554 Lepi-

646 1577 815 1659 dum,
888 1576 1275 1642 Mnesterem
1348 1577 1850 1660 pantomimum,
1932 1577 2242 1661 quosdam
2318 1576 2574 1642 obsides
2649 1577 2949 1641 dilexisse
2979 1601 3034 1640 ιο

644 1683 851 1748 fertur
904 1681 1287 1748 commercio
1342 1684 1553 1746 mutui
1610 1683 1835 1766 stupri.
1919 1683 2216 1747 Valerius
2263 1681 2580 1765 Catullus,
2627 1682 2948 1747 consulari

644 1789 892 1854 familia
952 1789 1231 1872 iuuenis,
1294 1793 1666 1873 stupratum
1726 1812 1765 1853 a
1825 1811 1894 1853 se
1954 1811 2030 1854 ac
2088 1790 2292 1854 latera
2345 1789 2470 1854 sibi
2527 1789 2950 1854 contubernio

646 1897 784 1962 eius
832 1895 1079 1960 defessa
1126 1897 1321 1960 etiam
1369 1896 1762 1960 uociferatus
1809 1901 1920 1960 est.
2005 1917 2197 1980 super
2253 1917 2547 1961 sororum
2597 1897 2843 1960 incesta
2887 1901 2954 1959 ct

648 2003 1055 2068 notissimum
1117 2001 1504 2086 prostitutae
1568 2001 1912 2086 Pyrallidis
1979 2024 2263 2067 amorem
2325 2023 2457 2067 non
2515 2005 2756 2066 temere
2819 2002 2954 2067 ulla

576 2127 607 2171 ⁶.»
648 2111 1022 2176 inlustriore
1066 2109 1307 2174 femina
1352 2107 1684 2173 abstinuit.
1768 2129 1928 2192 quas
1974 2110 2352 2193 plerumque
2399 2131 2545 2174 cum
2586 2110 2835 2174 maritis
2873 2109 2952 2173 ad
2988 2134 3034 2173 ιε

650 2239 869 2282 cenam
931 2221 1193 2281 uocatas
1256 2221 1638 2298 praeterque
1694 2216 1888 2299 pedes
1955 2237 2106 2280 suos
2163 2216 2552 2280 transeuntis
2611 2215 2955 2303 diligenter

650 2345 725 2388 ac
770 2324 941 2388 lente
996 2322 1419 2388 mercantium
1474 2342 1654 2385 more
1711 2321 2179 2405 considerabat,
2235 2322 2428 2386 etiam
2481 2321 2712 2388 faciem
2759 2345 2956 2388 manu

652 2429 982 2513 adleuanS‚
1045 2429 1101 2492 si
1162 2450 1326 2512 quae
1384 2428 1629 2511 pudore
1689 2428 2172 2514 submitterent3
2238 2429 2534 2512 quotiens
2595 2429 2824 2494 deinde
2882 2429 2954 2494 li-

651 2536 899 2602 buisset
952 2557 1247 2621 egressus
1305 2535 1615 2618 triclinio,
1682 2555 1826 2599 cum
1883 2534 2158 2599 maxime
2212 2536 2517 2618 placitam
2572 2545 2956 2614 seuocasset‚

652 2642 846 2726 paulo
894 2647 1045 2726 post
1089 2642 1455 2706 recentibus
1504 2640 1713 2704 adhuc
1757 2643 2061 2706 lasciuiae
2106 2643 2280 2706 notis
2326 2663 2622 2706 reuersus
2669 2643 2777 2708 uel
2821 2645 2954 2708 lau-
2985 2665 3038 2704 ιο

655 2749 846 2813 dabat
883 2751 1095 2833 palam
1134 2751 1241 2813 uel
1285 2747 1718 2831 uituperabat,
1765 2748 2020 2834 singula
2067 2770 2444 2813 enumerans
2491 2750 2660 2814 bona
2707 2751 2957 2814 malaue

656 2857 941 2940 corporis
997 2861 1189 2938 atque
1245 2855 1646 2920 concubitus.
1732 2854 2114 2937 quibusdam
2171 2856 2532 2919 absentium
2579 2857 2956 2922 maritorum

654 2964 914 3028 nomine
962 2963 1299 3046 repudium
1346 2964 1485 3045 ipse
1530 2961 1710 3024 misit
1755 2961 2070 3044 iussitque
2118 2961 2184 3024 in
2231 2965 2375 3026 acta
2421 2964 2511 3025 ita
2557 2963 2796 3027 referri.

552 3063 638 3128 37
839 3068 1205 3152 Nepotatus
1252 3068 1615 3150 sumptibus
1674 3069 1958 3131 omnium
2007 3069 2422 3151 prodigorum
2474 3069 2732 3156 ingenia
2778 3092 2958 3154 supe-

658 3175 844 3258 rauit,
910 3180 1309 3241 commentus
1373 3195 1615 3239 nouum
1679 3174 2050 3238 balnearum
2117 3197 2330 3258 usum,
2398 3177 2960 3259 portentosissima
2991 3198 3042 3237 ns

658 3305 895 3370 genera
940 3282 1229 3346 ciborum
1278 3287 1469 3364 atque
1518 3303 1838 3363 cenarum,
1883 3286 1958 3346 ut
1994 3281 2215 3344 calidis
2255 3281 2636 3366 frigidisque
2673 3305 2960 3370 unguen-

660 3391 745 3452 tis
778 3389 1123 3471 lauaretur,
1160 3386 1627 3471 pretiosissima
1669 3389 2014 3473 margarita
2053 3393 2234 3452 aceto
2271 3389 2622 3472 liquefacta
2659 3391 2963 3474 sorberet,

805 3563 835 3608 9
888 3556 1068 3608 Victor
1099 3557 1244 3610 Caes.
1278 3561 1328 3618 5,
1350 3559 1381 3608 5
1427 3569 1607 3621 neque
1662 3569 1794 3606 suae
1847 3569 2028 3621 neque
2075 3554 2314 3607 aliorum
2363 3555 2676 3623 pudicitiae
2725 3573 2964 3625 parcens

663 3637 747 3704 (cle
784 3635 1019 3699 Nerone,
1061 3653 1111 3688 u.
1143 3635 1217 3688 ad
1246 3636 1377 3687 Ner.
1408 3639 1500 3701 29)
1667 3639 1734 3685 26
1777 3634 2010 3702 Eutrop.
2043 3635 2166 3688 VII
2190 3639 2272 3700 14,
2295 3640 2325 3688 1
2365 3636 2448 3704 (de
2487 3637 2724 3704 Nerone)
2763 3641 2828 3690 ut
2867 3639 2964 3706 qui

664 3715 918 3784 exemplo
948 3715 1003 3768 C.
1027 3713 1316 3783 Caligulae
1347 3713 1449 3784 [in]
1483 3713 1682 3766 calidis
1713 3717 1770 3766 et
1797 3714 2019 3782 frigidis
2049 3714 2269 3767 lauaret
2295 3716 2597 3784 unguentis
2629 3719 2777 3784 (inde
2810 3719 2965 3772 Hier.

662 3797 843 3850 chron.
875 3815 925 3849 a.
956 3799 1102 3849 2075
1141 3803 1187 3848 et
1223 3796 1370 3850 Oros
1414 3795 1535 3847 VII
1560 3799 1608 3858 7,
1630 3799 1664 3846 3
1713 3796 1834 3846 item
1872 3795 1936 3846 dc
1974 3796 2205 3860 Nerone,
2247 3795 2342 3847 ubi
2378 3813 2476 3848 om.
2501 3800 2839 3865 praepositio
2867 3799 2964 3866 in).

812 3946 839 3992 1
868 3941 1156 4006 poteretur
1179 3939 1398 4007 JIIPQ,
1432 3937 1606 4004 potir-
1630 3937 1718 3988 rel.
1833 3941 1863 3988 3
1897 3935 2056 3988 Porio
2077 3953 2176 3990 om.
2201 3940 2258 3989 H
2267 3937 2351 4005 ¹Q,
2381 3937 2520 3991 Poro
2549 3939 2700 3992 Torr.
2810 3942 2968 4011 post]

667 4019 738 4072 ob
768 4019 877 4088 HQ
905 4020 1093 4087 (uuly.)
1240 4023 1273 4069 4
1312 4034 1431 4070 esse
1465 4019 1536 4070 J!
1677 4016 1958 4084 proripuit
1987 4033 2044 4068 se
2075 4017 2237 4080 Roth,
2271 4017 2552 4086 proripuit
2582 4019 2804 4082 ML¹P‚
2839 4037 2970 4088 pro—

666 4099 843 4167 ripuit
870 4115 900 4152 e
924 4100 1049 4164 GR,
1088 4114 1145 4150 se
1174 4097 1455 4166 proripuit
1474 4097 1597 4150 1,Βὸ
1605 4098 1663 4160 Τ,
1703 4113 1760 4150 se
1787 4097 2065 4164 proripuit
2096 4113 2125 4148 e
2153 4097 2251 4165 HQ
2281 4099 2434 4166 [curly
2453 4101 2488 4162 Ἰ,
2517 4099 2778 4168 prorupit
2799 4101 2968 4154 Bent-

668 4181 751 4249 ley
934 4185 959 4230 7
1002 4178 1247 4230 tribuere
1286 4179 1517 4245 Lipsius
1699 4183 1729 4228 9
1770 4177 1993 4247 <neque
2033 4177 2210 4246 suae>
2245 4178 2404 4243 Νρς,
2451 4179 2520 4243 cf.
2571 4181 2758 4232 testim.
2795 4197 2969 4246 supra

672 4265 735 4313 16
766 4261 985 4312 uocatis
1008 4260 1103 4314 Μι
1216 4264 1277 4311 17
1310 4275 1479 4310 manu
1508 4257 1712 4310 faciem
1738 4257 1786 4310 G
1899 4263 1964 4309 22
1995 4257 2219 4311 nomine
2247 4258 2575 4310 maritorum
2600 4259 2650 4312 G
2762 4265 2829 4312 24
2859 4260 2970 4312 Nc-

668 4340 920 4409 potiatus
952 4342 1017 4406 P,
1058 4339 1355 4408 Nepotinis
1386 4337 1495 4406 HQ
1532 4343 1579 4390 et
1624 4339 1704 4389 sic
1733 4354 1838 4404 pro
1877 4354 1929 4389 u.
1963 4338 1996 4390 1.
2026 4355 2094 4391 ss.
2128 4339 2186 4389 in
2219 4339 2271 4391 R
2305 4340 2515 4408 (amq),
2553 4337 2868 4406 Depotatus
2901 4341 2969 4407 G,

670 4420 967 4488 Depotatis
997 4421 1051 4486 S,
1090 4419 1430 4488 Deportatus
1458 4419 1519 4474 T.
1558 4417 1833 4484 Epotatus
1865 4417 1943 4468 L²
2086 4416 2470 4486 prodigiorum
2491 4419 2673 4472 MG‘P
2698 4430 2850 4486 (corr.
2878 4420 2968 4488 ρ’)

672 4507 736 4554 27
769 4501 1200 4568 pretiosissimas
1221 4499 1556 4568 margaritas
1574 4496 1994 4564 —liquefactas
2018 4501 2068 4548 X
2066 4499 2130 4550 N
2146 4522 2152 4541 ι
2169 4499 2312 4566 moly.
2325 4509 2354 4561 ‘›,
2393 4498 2799 4565 pretiosissima
2827 4517 2970 4554 mar·

672 4582 857 4652 garita
878 4613 943 4620 —
966 4581 1273 4648 liquefacta
1304 4581 1358 4633 R
