3259 5209
607 451 740 516 286
1309 450 1364 506 C.
1405 449 1721 504 SVETONI
1756 449 2205 516 TRANQVILLI

608 615 922 679 minorem
967 613 1052 678 M.
1093 615 1542 701 cognominem
1591 614 1745 696 sibi3
1801 613 1953 677 tulit
2000 617 2065 677 et
2108 612 2339 695 filiam,
2395 634 2586 697 quam
2642 610 2911 676 uixdum

607 721 894 786 nubilem
940 721 1153 786 Druso
1193 719 1556 786 Germanici
1603 720 1741 785 filio
1789 719 2145 804 despondit.

540 828 581 893 2
791 825 962 892 Otho
999 827 1350 912 imperator
1385 825 1533 892 IIII.
1562 827 1709 892 Kai—
1736 827 1883 891 Mai.
1922 831 2113 892 natus
2152 830 2251 891 est
2284 823 2558 890 Camillo
2596 824 2913 890 Arruntio

475 917 589 1019 21³3
613 934 904 1001 Domitio
942 933 1377 1000 Ahenobarbo
1424 956 1594 999 cons.
1678 957 1721 998 a
1759 934 1971 1019 prima
2011 932 2443 998 adulescentia
2486 931 2801 1018 prodigus
2838 954 2916 997 ac

610 1063 876 1126 procax,
922 1042 1080 1107 adeo
1127 1047 1201 1106 ut
1245 1063 1432 1126 saepe
1479 1042 1699 1128 flagris
1745 1040 2198 1127 obiurgaretur
2245 1063 2283 1104 a
2318 1043 2529 1124 patre,
2586 1039 2917 1103 ferebatur
2974 1065 3003 1104 ⁵

612 1153 677 1211 et
713 1149 939 1233 uagari
975 1148 1273 1212 noctibus
1311 1147 1541 1212 solitus
1575 1129 1776 1231 ‘atque
1815 1146 2170 1212 inualidum
2212 1167 2531 1231 quemque
2571 1145 2917 1210 obuiorum

611 1257 718 1320 uel
788 1255 1194 1340 potulentum
1270 1256 1591 1338 corripere
1668 1276 1743 1320 ac
1818 1254 2097 1318 distento
2173 1274 2330 1340 sago
2395 1254 2772 1337 impositum
2846 1254 2920 1316 in

540 1380 572 1427 2
611 1362 884 1428 sublime
923 1364 1174 1426 iactare.
1255 1367 1404 1447 post
1439 1363 1643 1445 patris
1673 1361 1901 1426 deinde
1929 1366 2201 1425 mortem
2240 1360 2609 1424 libertinam
2640 1360 2919 1424 aulicam

611 1469 989 1555 gratiosam,
1067 1491 1194 1552 quo
1261 1469 1584 1532 efficacius
1649 1468 1887 1532 coleret
1898 1519 1915 1550 ,
1989 1469 2183 1533 etiam
2251 1466 2518 1552 diligere
2586 1465 2921 1530 simulauit

613 1576 910 1660 quamuis
976 1597 1168 1639 anum
1234 1597 1308 1640 ac
1371 1597 1572 1659 paene
1650 1574 2066 1658 decrepitam3
2138 1595 2256 1657 per
2319 1573 2485 1638 hanc
2552 1573 2915 1637 insinuatus
2946 1599 3007 1638 ιο

611 1682 856 1748 Neroni
904 1681 1091 1746 facile
1131 1703 1450 1746 summum
1489 1681 1659 1744 inter
1706 1680 1945 1745 amicos
1984 1680 2198 1743 locum
2247 1681 2457 1743 tenuit
2494 1679 2919 1763 congruentia

613 1812 883 1873 morum,
922 1793 995 1853 ut
1031 1810 1185 1852 uero
1228 1787 1488 1871 quidam
1520 1787 1802 1872 tradunt,
1845 1791 1909 1850 et
1948 1785 2409 1850 consuetudine
2447 1787 2657 1850 mutui
2688 1787 2914 1870 stupri.

614 1918 691 1961 ac
719 1899 972 1961 tantum
1001 1895 1290 1979 potentia
1317 1894 1543 1978 ualuit,
1581 1898 1655 1958 ut
1685 1894 2057 1958 damnatum
2099 1893 2472 1976 repetundis
2512 1895 2913 1958 consularem

612 2004 844 2088 uirum,
872 2004 1098 2088 ingens
1126 2001 1484 2085 praemium
1506 2006 1755 2086 pactus,
1784 2002 1963 2085 prius
1995 2023 2185 2084 quam
2216 2000 2407 2084 plane
2434 2001 2912 2064 restitutionem

615 2110 672 2172 ei
721 2110 1150 2193 impetrasset,
1201 2130 1332 2172 non
1379 2107 1704 2171 dubitaret
1751 2107 1816 2170 in
1866 2113 2155 2171 senatum
2208 2107 2287 2171 ad
2344 2106 2624 2190 agendas
2672 2106 2916 2191 gratias
2946 2131 3005 2171 15

545 2215 586 2280 3
617 2217 1036 2280 introducere.
1121 2215 1406 2278 omnium
1456 2218 1671 2278 autem
1710 2214 2127 2278 consiliorum
2168 2219 2685 2297 secretorumque
2724 2213 2919 2296 parti·

618 2345 765 2406 ceps
804 2323 924 2406 die,
970 2344 1157 2405 quem
1198 2321 1518 2385 necandae
1554 2322 1748 2384 matri
1787 2319 1961 2384 Nero
2000 2320 2366 2403 destinarat,
2415 2321 2493 2384 ad
2530 2319 2917 2384 auertendas

615 2431 1010 2512 suspiciones
1048 2450 1268 2493 cenam
1298 2430 1555 2512 utrique
1584 2428 2122 2511 exquisitissimae
2160 2427 2481 2492 comitatis
2520 2427 2721 2508 dedit3
2760 2427 2914 2489 item

615 2535 976 2618 Poppaeam
1019 2533 1322 2599 Sabinam
1363 2539 1516 2598 tunc
1553 2534 1762 2598 adhuc
1800 2535 2067 2598 amicam
2110 2537 2263 2618 eius,
2302 2535 2643 2599 abductam
2683 2534 2915 2597 marito

617 2641 1188 2725 demandatamque
1246 2642 1504 2706 interim
1566 2640 1717 2724 sibi,
1786 2642 2155 2725 nuptiarum
2229 2643 2439 2726 specie
2497 2642 2740 2724 recepit
2800 2661 2919 2704 nec
2946 2665 3008 2704 ao

617 2750 976 2833 corrupisse
1051 2752 1392 2814 contentus
1464 2749 1621 2812 adeo
1699 2747 1950 2831 dilexit,
2024 2753 2097 2811 ut
2171 2771 2249 2813 ne
2325 2747 2589 2813 riualem
2660 2747 2915 2832 quidem

546 2873 577 2920 2
615 2854 938 2919 Neronem
981 2877 1184 2940 aequo
1215 2856 1436 2920 tulerit
1465 2856 1695 2920 animo.
1775 2856 2057 2919 creditur
2094 2861 2264 2920 certe
2302 2877 2433 2919 non
2464 2855 2655 2920 modo
2686 2856 2918 2918 missos

617 2961 696 3024 ad
761 2962 1198 3026 arcessendam
1263 2984 1393 3026 non
1458 2963 1801 3047 recepisse,
1870 2963 1980 3026 sed
2042 2963 2252 3046 ipsum
2312 2963 2537 3026 etiam·
2573 2961 2919 3026 exclusisse

619 3068 939 3150 quondam
979 3091 1097 3152 pro
1144 3069 1393 3134 foribus
1433 3073 1748 3134 astantem
1787 3069 2287 3153 miscentemque
2324 3069 2563 3134 frustra
2600 3069 2807 3134 minas
2854 3073 2921 3131 et

617 3196 835 3258 preces
884 3196 957 3239 ac
1003 3175 1361 3259 depositum
1411 3181 1866 3258 reposcentem.
1952 3198 2145 3258 quare
2193 3175 2455 3239 diducto
2503 3175 2916 3240 matrimonio
2946 3197 3003 3237 ιε»

619 3283 938 3364 sepositus
995 3286 1091 3346 est
1144 3305 1259 3365 per
1307 3303 1561 3346 causam
1617 3282 1960 3366 legationis
2024 3284 2087 3345 in
2138 3281 2555 3346 Lusitaniam.
2651 3287 2714 3347 et
2762 3283 2918 3344 satis

620 3389 850 3470 uisum,
900 3410 978 3451 ne
1014 3410 1220 3472 poena
1266 3390 1473 3454 acrior
1507 3389 1775 3452 mimum
1815 3409 2069 3452 omnem
2112 3387 2494 3475 diuulgaret,
2544 3389 2655 3472 qui
2704 3393 2917 3452 tamen

620 3495 712 3557 sic
759 3516 1014 3578 quoque
1060 3493 1182 3557 hoc
1229 3494 1503 3558 disticho
1551 3494 1784 3575 <FPR
1810 3517 1874 3576 p.
1914 3495 2087 3576 370>
2132 3495 2405 3558 enotuit:

764 3727 796 3774 4
837 3722 988 3791 Epic.
1025 3727 1072 3788 7,
1104 3728 1133 3774 1
1187 3721 1310 3776 uita
1356 3723 1507 3775 omni
1553 3722 1763 3792 turpis,
1813 3723 2055 3776 maxime
2108 3722 2493 3777 adulescentia
2544 3721 2809 3790 (maxime
2859 3723 2921 3774 in

621 3801 1003 3856 adolescentia
1049 3802 1202 3855 omni
1249 3804 1430 3872 turpis
1470 3805 1759 3872 Landolf.)
1990 3809 2055 3856 10
2094 3805 2328 3872 Eutrop.
2371 3804 2497 3858 VII
2516 3807 2605 3869 17,
2633 3807 2671 3856 2
2710 3804 2769 3856 in
2804 3803 2921 3872 pri·

619 3882 758 3934 uata
794 3882 916 3934 uita
951 3881 1138 3935 mollis
1176 3884 1233 3934 et
1261 3881 1498 3936 Neronis
1537 3883 1850 3938 familiaris.
1938 3885 2119 3938 Victor
2160 3885 2307 3939 Cae-5.
2345 3889 2392 3950 7,
2424 3889 2453 3937 1
2493 3882 2704 3937 Neroni
2742 3900 2921 3952 quon—

622 3962 753 4014 dam
791 3961 1086 4016 criminose
1123 3961 1439 4017 familiaris.

767 4183 793 4230 1
836 4192 1005 4244 quam
1042 4176 1276 4230 uixdum
1331 4178 1611 4246 (quamuis
1670 4179 1803 4231 dum
1843 4181 1968 4248 LP)
2010 4179 2204 4246 MGX‚
2261 4177 2520 4248 quamuis
2567 4176 2815 4229 nondum
2848 4177 2921 4236 R.

621 4272 791 4324 quam
829 4256 1079 4310 nondum
1106 4257 1216 4328 HQ
1387 4263 1414 4309 7
1457 4257 1833 4326 potulentium
1867 4259 1929 4328 Q,
1968 4258 2321 4328 petulentum
2352 4259 2500 4323 L¹P,
2538 4256 2921 4326 petulantium

623 4336 721 4404 11¹,
759 4336 1132 4391 temulentum
1165 4339 1435 4393 Graevius
1557 4343 1587 4390 9
1629 4338 1905 4392 coleretur
1934 4341 2186 4406 Kraffert
2308 4345 2373 4393 13
2405 4337 2565 4410 (de)
2594 4336 2921 4407 repetundis

634 4417 867 4471 Ursinus
903 4419 983 4484 (G.
1007 4417 1077 4471 F.
1111 4418 1190 4471 W.
1227 4419 1454 4486 Μίίῑῐεν)
1594 4425 1659 4472 15
1699 4418 1978 4473 dubitarit
2004 4421 2313 4475 Salmasius
2460 4424 2523 4472 1⁷
2564 4417 2715 4473 diem
2747 4418 2925 4471 MPO

625 4511 756 4548 ἠοπ
784 4494 856 4564 L)
1049 4503 1114 4550 19
1155 4513 1434 4566 poppeam
1471 4498 1665 4566 (-eiam
1693 4499 1844 4569 11¹0)
1887 4500 2211 4570 GL¹SQR²,
2250 4515 2551 4569 pompeam
2582 4501 2726 4566 ΜΠ,
2764 4515 2921 4567 pom·

623 4576 811 4644 peiam
843 4575 1115 4631 R¹L²PT
1282 4584 1348 4630 25
1388 4578 1629 4632 deducto
1660 4583 1719 4631 X
1892 4585 1958 4632 26
1999 4581 2079 4652 et]
2120 4580 2179 4632 id
2218 4580 2335 4634 edel.
2367 4587 2495 4650 post
2534 4581 2923 4634 Casaubovmm
